3120 5152
632 372 675 448 95

86 570 273 653 obnediesll,
286 566 512 636 commendans
523 576 631 635 tamen
646 567 884 656 quodammodo
899 570 984 658 quod
998 572 1081 660 conj.
1093 569 1214 658 Bergk.

84 678 239 768 probatus
252 673 349 742 Mein.
364 668 487 738 καύτό
493 695 518 745 ς.
544 674 630 738 Sane
645 693 738 758 pron.
749 671 845 738 αδτό
855 695 870 745 ς
881 673 1039 739 simillimo
1050 674 1214 740 intellectu

84 782 263 868 (‚,injussu,
292 779 438 863 sponte“)
470 778 639 862 usurpavit
669 775 724 843 Ar.
754 773 802 842 Pl.
835 771 915 845 965:
944 773 1005 858 ἐγὼ
1034 775 1093 862 γὰρ
1120 773 1216 849 αὐτὸς

85 879 275 969 ἐξελήλυθα.
300 874 393 947 1169.
415 877 473 944 Th.
487 875 528 944 66
544 886 598 959 (=
614 874 791 960 αὖτόματος
804 874 897 946 1190.
916 878 954 947 L.
967 874 1053 959 431).
1074 879 1112 946 L.
1122 877 1214 961 1125,

83 997 118 1053 at
145 985 216 1050 loco
243 983 365 1067 dequo
392 983 497 1066 agitur
522 1003 622 1067 quum
652 983 787 1045 intense
814 990 1019 1067 opponantur
1039 983 1145 1068 potius
1168 984 1213 1046 in-

83 1087 178 1155 doles
200 1094 231 1151 ct
252 1086 334 1150 actio
354 1083 537 1169 singularis,
561 1085 671 1163 αιτός,
694 1106 757 1170 quo
774 1086 845 1170 quis
863 1085 1037 1171 opponitur
1050 1084 1118 1167 alii,
1140 1084 1215 1149 ferri

82 1190 211 1278 nequit:
234 1187 399 1274 flagitatur
413 1189 520 1273 potius
540 1189 696 1252 sententia
712 1187 799 1274 quod
813 1189 889 1252 satis
907 1191 1025 1273 exigua
1038 1189 1214 1252 mutatione

83 1293 210 1360 restitui
230 1299 334 1377 potest
356 1289 428 1359 adv.
441 1286 599 1364 πάντως
622 1291 730 1373 „omni
748 1289 854 1373 modo,
878 1312 1024 1377 prorsus,
1044 1292 1213 1361 omnino“:

84 1396 126 1464 ci.
139 1395 190 1463 Pl.
199 1388 277 1462 273:
302 1391 430 1466 πάντως
447 1390 505 1477 γάρ
527 1389 703 1478 ἄνθρωπον
718 1388 814 1476 φάσει
835 1392 981 1459 τοιοῦτον
995 1392 1040 1466 εἰς
1053 1392 1093 1458 τὰ
1109 1391 1215 1458 πάντα

82 1497 220 1587 ἡγεῖσθέ
238 1496 270 1580 μ’
284 1489 383 1570 εἶναι;
405 1497 439 1559 in
457 1497 629 1561 enuntiatis
643 1496 818 1580 negativis:
841 1497 876 1564 P.
887 1492 980 1565 1147.
1000 1496 1037 1564 Ε.
1051 1492 1123 1567 694.
1135 1492 1213 1578 704;

82 1608 139 1682 (--
157 1609 251 1682 certe,
276 1599 397 1684 utique,
416 1598 621 1685 jedenfalls“,
646 1598 703 1663 ubi
720 1608 830 1664 notum
854 1598 1016 1685 quoddam
1031 1606 1125 1685 atquc
1148 1620 1213 1664 cer-

81 1712 153 1768 tum
176 1701 336 1790 profertur
355 1710 595 1787 argumentum:
618 1701 696 1769 Ach.
715 1697 786 1769 956.
809 1700 870 1788 Eq.
891 1697 964 1768 232.
986 1696 1058 1770 799.
1080 1701 1119 1768 V.
1139 1696 1211 1769 603.

81 1807 146 1875 Av.
166 1799 238 1873 995.
267 1804 304 1871 L.
326 1799 399 1872 495.
429 1803 492 1872 Th.
513 1801 586 1870 805.
609 1801 680 1871 851.
702 1798 775 1871 984.
801 1800 907 1886 1012).

170 1906 225 1976 Pl.
255 1903 374 1976 1126:
404 1906 489 1989 οἴμοι
516 1905 711 1978 πλακοῦντος
738 1905 795 1972 τοῦ
821 1905 852 1972 ’ν
879 1903 1060 1991 τετράδι
1088 1928 1211 1990 πεπεμ-
1238 1903 1272 1958 56

81 2017 203 2096 picco:
229 2011 329 2074 miror
350 2031 482 2096 prorsus
508 2008 686 2092 neglectam
709 2030 747 2073 ac
768 2030 808 2073 ne
835 2019 1114 2075 commemoratam
1144 2012 1212 2097 qui·

83 2114 158 2179 dem
188 2135 259 2178 esse
291 2111 332 2177 ab
362 2110 434 2180 edd.
463 2112 611 2176 omnibus
643 2113 752 2191 (ctiam
781 2134 800 2176 a
829 2110 925 2177 Mein.
955 2110 1054 2179 Vind.
1077 2136 1107 2199 p.
1133 2106 1211 2199 224)

83 2215 211 2282 emend.
239 2215 386 2301 Elmsleji
416 2214 471 2295 (ad
500 2214 580 2280 Acb.
613 2209 688 2291 343)
718 2236 827 2301 praep.
857 2211 899 2279 ἐν
928 2212 1027 2278 deleri
1051 2215 1211 2301 jubentis:

83 2318 166 2384 solet
199 2319 283 2383 enim
317 2317 514 2404 simplici
548 2317 700 2382 dativo
734 2316 905 2401 significari
936 2338 1016 2402 quo
1049 2319 1211 2383 mensis

82 2422 152 2487 die
175 2420 296 2507 aliquid
317 2420 373 2484 fiat
393 2421 437 2506 (v.
453 2419 555 2504 Kriig.
575 2419 601 2488 I.
623 2415 675 2489 48.
697 2414 727 2487 2.
746 2442 778 2487 n.
802 2419 854 2499 l):
876 2419 916 2485 cf.
942 2421 982 2507 τῇ
1005 2415 1210 2507 πανσελήνῳε

81 2523 165 2593 Acb.
187 2520 239 2589 84.
272 2521 312 2610 τῇ
334 2527 505 2609 νονμηνίᾳε
529 2522 566 2591 N.
583 2519 683 2605 1191,
706 2518 763 2604 95,
786 2517 838 2587 96.
860 2521 1059 2609 Theopomp.
1074 2521 1125 2591 47.
1146 2531 1213 2595 ταῖς

82 2629 285 2712 νινμηνίαιςι
306 2627 386 2694 Ach.
411 2621 483 2693 999.
514 2623 569 2714 ἕνῃ
590 2627 697 2691 τεκαὶ
719 2630 794 2710 νείρι.Ι
814 2624 854 2692 N.
870 2621 963 2692 1127.
986 2621 1077 2692 1197.
1100 2625 1213 2710 τετράς

86 2767 122 2777 -
148 2730 187 2816 τῇ
203 2730 255 2797 δέε
277 2727 412 2795 Hesiod.
427 2727 490 2814 Op.
507 2724 580 2796 795.
603 2727 745 2815 τετράδιε
766 2727 809 2794 id.
825 2723 896 2793 809.
913 2723 985 2796 819.
1005 2730 1045 2815 τῇ
1064 2727 1210 2813 τετράδιε

82 2826 312 2899 1161309.-
329 2827 471 2916 Hesych.
488 2855 511 2898 s.
527 2828 656 2916 τετράδι
676 2823 764 2913 μέντ’
787 2829 890 2916 nixum
914 2833 1061 2916 proverb.
1084 2829 1210 2917 τετράδι

83 2940 230 3018 γέγοναςε
259 2933 342 3003 Plat.
356 2928 429 3001 207.
456 2935 653 3020 Aristonym.
669 2930 699 3000 6.
722 2933 847 3018 Amips.
862 2927 913 3000 33.
938 2932 1076 3020 Sannyr.
1093 2931 1121 3001 7.
1146 2934 1209 3004 Vit

82 3038 140 3105 Ar.
163 3059 195 3123 p.
218 3034 349 3100 XXVII
379 3058 407 3103 a.
433 3034 542 3103 Schol.
564 3035 646 3104 Plat.
670 3035 776 3104 Bekk.
798 3058 831 3122 p.
854 3029 927 3104 331.
956 3035 1076 3105 Zenob.
1101 3037 1157 3104 Vl.
1180 3035 1209 3105 7.

83 3139 174 3208 Suid.
200 3161 225 3207 s.
250 3161 281 3206 v.
310 3138 408 3208 Mein.
438 3138 480 3204 ad
510 3138 597 3207 Men.
621 3138 681 3223 frg.
705 3162 736 3225 p.
759 3135 838 3215 119,Ι
871 3137 945 3206 add.
976 3141 1018 3226 τῇ
1046 3139 1209 3225 τριακάδιτ

83 3242 185 3310 schol.
208 3241 248 3307 N.
273 3237 366 3309 1196.

169 3344 208 3412 E.
231 3339 279 3410 65
300 3367 347 3431 sq.
368 3341 505 3427 κᾶγωγε.
527 3342 564 3410 τὸ
586 3342 683 3430 ξνρδν
712 3345 751 3408 δέ
770 3339 795 3427 γ’
816 3341 852 3409 ἐκ
874 3346 927 3430 τῆς
949 3343 1046 3417 οἰκίας
1066 3345 1070 3430 Ι
1089 3343 1209 3432 ἔρριψα
1235 3347 1267 3404 57

83 3447 267 3534 πρῶτον,
295 3445 347 3512 ἵνα
374 3449 571 3534 δασυνθείην
599 3443 658 3533 ὅλη
685 3447 690 3531 l
716 3448 767 3512 καὶ
795 3446 895 3534 μηδὲν
925 3446 995 3535 εἴην
1024 3444 1070 3512 ἔτι
1090 3450 1208 3529 γυναικὶ

83 3549 286 3638 προσφερήςε
315 3550 412 3616 Mein.
441 3550 538 3616 Vind.
569 3573 600 3636 p.
624 3546 686 3616 185
708 3550 843 3614 offendit
870 3552 903 3613 in
931 3572 1000 3620 voc.
1025 3550 1208 3634 πρῶτον·

83 3675 206 3743 „quum
230 3652 309 3718 dicit
327 3655 456 3739 πρῶτον
476 3674 511 3717 se
532 3650 725 3717 novaculam
749 3653 904 3738 abjecisse
927 3676 944 3717 e
962 3654 1074 3735 domo,
1103 3655 1208 3740 quivis

83 3763 249 3842 exspectet
267 3754 355 3820 aliud
370 3755 495 3820 illatum
517 3757 556 3820 iri
572 3755 658 3842 quod
680 3755 804 3841 abjecta
827 3755 984 3822 novacula
1006 3755 1151 3837 fecisset,
1173 3764 1209 3820 ut

83 3861 116 3923 in
140 3859 264 3945 primae
278 3857 418 3942 mulieris
441 3861 584 3924 oratione
600 3854 671 3943 (602
693 3860 825 3944 πρῶτον
846 3865 906 3941 μέν
929 3881 981 3940 γε,
1005 3855 1061 3926 62:
1086 3856 1207 3938 ἔπειτα)

82 3962 205 4027 lactum
228 3960 392 4026 videmus:
425 3960 505 4025 nihil
533 3984 608 4027 vero
637 3961 786 4048 infertur3
820 3962 928 4048 itaque
957 3970 1013 4026 aut
1037 3962 1208 4026 lacunosus

84 4074 133 4130 est
164 4064 255 4129 locus
284 4073 339 4129 aut
367 4063 453 4150 quod
478 4064 674 4150 probabilius
703 4064 830 4129 videtur
859 4064 1066 4130 scribendum
1089 4062 1208 4150 ἔρριψα

83 4166 260 4255 πρῴην“;
294 4177 327 4233 at
360 4166 421 4232 boc
455 4166 629 4232 admodum
662 4166 814 4252 frigidum
844 4173 892 4232 est
923 4175 1019 4253 atque
1049 4160 1207 4252 jejunum,

84 4272 189 4335 omnis
217 4278 326 4335 autem
342 4270 477 4335 offensio
499 4269 653 4335 facillime
668 4269 790 4334 tollitur
812 4271 855 4334 ita
877 4279 912 4334 ut
931 4271 1092 4354 πρῶτον
1114 4271 1208 4333 inter·

82 4381 248 4465 pretemur
269 4383 365 4458 „ante
386 4375 515 4441 omnia“
538 4380 656 4456 (cetera
677 4374 759 4439 enim
783 4371 894 4437 eadem
918 4394 952 4437 se
974 4371 1088 4441 fecisse
1111 4381 1207 4461 atque
