<?xml version="1.0" encoding="UTF-8"?>
<!DOCTYPE html PUBLIC "-//W3C//DTD XHTML 1.0 Transitional//EN"
    "http://www.w3.org/TR/xhtml1/DTD/xhtml1-transitional.dtd">
<html xmlns="http://www.w3.org/1999/xhtml" xml:lang="en" lang="en">
 <head>
  <title>
</title>
<meta http-equiv="Content-Type" content="text/html;charset=utf-8" />
  <meta name='ocr-system' content='tesseract 3.04.00' />
  <meta name='ocr-capabilities' content='ocr_page ocr_carea ocr_par ocr_line ocrx_word'/>
</head>
<body>
  <div class='ocr_page' id='page_1' title='image "./conjecturarumob00bachgoog_0044.png"; bbox 0 0 3120 5152; ppageno 0'>
   <div class='ocr_carea' id='block_1_1' title="bbox 635 398 678 474">
    <p class='ocr_par' dir='ltr' id='par_1_1' title="bbox 635 398 678 474">
     <span class='ocr_line' id='line_1_1' title="bbox 635 398 678 474; baseline 0.047 -2"><span class='ocrx_word' id='word_1_1' title='bbox 635 398 678 474; x_wconf 81' lang='lat'><em>35</em></span> 
     </span>
    </p>
   </div>
   <div class='ocr_carea' id='block_1_2' title="bbox 92 587 1277 1603">
    <p class='ocr_par' dir='ltr' id='par_1_2' title="bbox 92 587 1277 1603">
     <span class='ocr_line' id='line_1_2' title="bbox 247 587 941 683; baseline -0.001 -24"><span class='ocrx_word' id='word_1_2' title='bbox 247 595 287 683; x_wconf 78' lang='grc' dir='ltr'><em>τῇ</em></span> <span class='ocrx_word' id='word_1_3' title='bbox 308 593 335 659; x_wconf 90' lang='grc' dir='ltr'><em>δ’</em></span> <span class='ocrx_word' id='word_1_4' title='bbox 353 587 525 681; x_wconf 75' lang='grc' dir='ltr'><em>Ἀγροτέρᾳ</em></span> <span class='ocrx_word' id='word_1_5' title='bbox 545 588 624 660; x_wconf 84' lang='grc' dir='ltr'><em>κατὰ</em></span> <span class='ocrx_word' id='word_1_6' title='bbox 645 595 754 674; x_wconf 83' lang='grc' dir='ltr'><em>χιλιῶν</em></span> <span class='ocrx_word' id='word_1_7' title='bbox 775 591 941 681; x_wconf 79' lang='grc' dir='ltr'><em>παρῄνεσα</em></span> 
     </span>
     <span class='ocr_line' id='line_1_3' title="bbox 248 690 982 783; baseline 0.003 -23"><span class='ocrx_word' id='word_1_8' title='bbox 248 690 344 783; x_wconf 80' lang='grc' dir='ltr'><em>εὐχιΙν</em></span> <span class='ocrx_word' id='word_1_9' title='bbox 366 693 566 782; x_wconf 79' lang='grc' dir='ltr'><em>ποιήσασθαι</em></span> <span class='ocrx_word' id='word_1_10' title='bbox 587 693 745 781; x_wconf 81' lang='grc' dir='ltr'><em>χιμάρων,</em></span> <span class='ocrx_word' id='word_1_11' title='bbox 769 695 982 782; x_wconf 81' lang='grc' dir='ltr'><em>εἰσαύριον</em></span> 
     </span>
     <span class='ocr_line' id='line_1_4' title="bbox 249 791 1057 883; baseline -0.001 -19"><span class='ocrx_word' id='word_1_12' title='bbox 249 799 287 864; x_wconf 84' lang='grc' dir='ltr'><em>αἱ</em></span> <span class='ocrx_word' id='word_1_13' title='bbox 308 800 489 883; x_wconf 80' lang='grc' dir='ltr'><em>τριχίδες</em></span> <span class='ocrx_word' id='word_1_14' title='bbox 510 799 546 864; x_wconf 87' lang='grc' dir='ltr'><em>εἰ</em></span> <span class='ocrx_word' id='word_1_15' title='bbox 566 793 747 880; x_wconf 77' lang='grc' dir='ltr'><em>γενοίαθ’</em></span> <span class='ocrx_word' id='word_1_16' title='bbox 769 796 883 865; x_wconf 81' lang='grc' dir='ltr'><em>ἑκατδν</em></span> <span class='ocrx_word' id='word_1_17' title='bbox 904 791 1057 882; x_wconf 85' lang='grc' dir='ltr'><em>τούβολού</em></span> 
     </span>
     <span class='ocr_line' id='line_1_5' title="bbox 92 900 1218 988; baseline 0.004 -25"><span class='ocrx_word' id='word_1_18' title='bbox 92 939 134 949; x_wconf 93' lang='lat'>-</span> <span class='ocrx_word' id='word_1_19' title='bbox 159 901 257 964; x_wconf 80' lang='lat' dir='ltr'><strong>etsie</strong></span> <span class='ocrx_word' id='word_1_20' title='bbox 284 901 429 965; x_wconf 81' lang='lat' dir='ltr'><strong>distinxit</strong></span> <span class='ocrx_word' id='word_1_21' title='bbox 449 902 548 966; x_wconf 87' lang='lat' dir='ltr'><strong>verba</strong></span> <span class='ocrx_word' id='word_1_22' title='bbox 569 909 682 987; x_wconf 85' lang='lat' dir='ltr'><strong>poetae</strong></span> <span class='ocrx_word' id='word_1_23' title='bbox 707 902 776 988; x_wconf 87' lang='lat' dir='ltr'><em>jam</em></span> <span class='ocrx_word' id='word_1_24' title='bbox 800 901 977 968; x_wconf 84' lang='lat' dir='ltr'><strong>Brunek.</strong></span> <span class='ocrx_word' id='word_1_25' title='bbox 999 924 1019 965; x_wconf 79' lang='lat' dir='ltr'>a</span> <span class='ocrx_word' id='word_1_26' title='bbox 1039 923 1121 969; x_wconf 86' lang='lat' dir='ltr'><strong>rece.</strong></span> <span class='ocrx_word' id='word_1_27' title='bbox 1144 900 1218 970; x_wconf 85' lang='lat' dir='ltr'><strong>edd.</strong></span> 
     </span>
     <span class='ocr_line' id='line_1_6' title="bbox 92 1003 985 1088; baseline 0.002 -22"><span class='ocrx_word' id='word_1_28' title='bbox 92 1025 226 1088; x_wconf 81' lang='lat' dir='ltr'><strong>prorsus</strong></span> <span class='ocrx_word' id='word_1_29' title='bbox 244 1003 420 1087; x_wconf 83' lang='lat' dir='ltr'><strong>neglectus.</strong></span> <span class='ocrx_word' id='word_1_30' title='bbox 443 1039 483 1052; x_wconf 89' lang='lat'><em>-</em></span> <span class='ocrx_word' id='word_1_31' title='bbox 984 1035 985 1039; x_wconf 40' lang='lat'>¹</span> 
     </span>
     <span class='ocr_line' id='line_1_7' title="bbox 180 1099 1277 1193; baseline 0.007 -24"><span class='ocrx_word' id='word_1_32' title='bbox 180 1105 218 1174; x_wconf 85' lang='lat' dir='ltr'><em>P.</em></span> <span class='ocrx_word' id='word_1_33' title='bbox 239 1099 317 1172; x_wconf 82' lang='grc'><em>406</em></span> <span class='ocrx_word' id='word_1_34' title='bbox 339 1127 424 1193; x_wconf 85' lang='lat' dir='ltr'><strong>sqq.</strong></span> <span class='ocrx_word' id='word_1_35' title='bbox 1249 1123 1277 1177; x_wconf 85' lang='lat' dir='ltr'><em>b.</em></span> 
     </span>
     <span class='ocr_line' id='line_1_8' title="bbox 119 1201 888 1294; baseline -0.001 -21"><span class='ocrx_word' id='word_1_36' title='bbox 119 1213 212 1273; x_wconf 90' lang='lat' dir='ltr'><strong><em>TPY.</em></strong></span> <span class='ocrx_word' id='word_1_37' title='bbox 250 1203 271 1294; x_wconf 77' lang='grc' dir='ltr'><strong><em>ἡ</em></strong></span> <span class='ocrx_word' id='word_1_38' title='bbox 294 1202 353 1291; x_wconf 85' lang='grc' dir='ltr'><em>γὰρ</em></span> <span class='ocrx_word' id='word_1_39' title='bbox 375 1205 495 1294; x_wconf 77' lang='grc' dir='ltr'><em>Σελήνη</em></span> <span class='ocrx_word' id='word_1_40' title='bbox 517 1201 564 1286; x_wconf 76' lang='grc' dir='ltr'><em>χῶ</em></span> <span class='ocrx_word' id='word_1_41' title='bbox 586 1212 761 1294; x_wconf 81' lang='grc' dir='ltr'><em>πανοῦργος</em></span> <span class='ocrx_word' id='word_1_42' title='bbox 776 1203 888 1280; x_wconf 85' lang='grc' dir='ltr'><em>Ἥλιος</em></span> 
     </span>
     <span class='ocr_line' id='line_1_9' title="bbox 247 1303 1158 1397; baseline 0.004 -23"><span class='ocrx_word' id='word_1_43' title='bbox 247 1303 324 1392; x_wconf 89' lang='grc' dir='ltr'><em>ύμῖν</em></span> <span class='ocrx_word' id='word_1_44' title='bbox 347 1315 424 1389; x_wconf 84' lang='grc' dir='ltr'><em>(τοῖς</em></span> <span class='ocrx_word' id='word_1_45' title='bbox 447 1315 548 1393; x_wconf 85' lang='grc' dir='ltr'><em>θεοῖς)</em></span> <span class='ocrx_word' id='word_1_46' title='bbox 573 1308 817 1395; x_wconf 76' lang='grc' dir='ltr'><em>ἐπιβουλεύοντε</em></span> <span class='ocrx_word' id='word_1_47' title='bbox 834 1303 938 1377; x_wconf 84' lang='grc' dir='ltr'><em>πολύν</em></span> <span class='ocrx_word' id='word_1_48' title='bbox 960 1306 1021 1397; x_wconf 78' lang='grc' dir='ltr'><em>ἤδη</em></span> <span class='ocrx_word' id='word_1_49' title='bbox 1042 1307 1158 1396; x_wconf 82' lang='grc' dir='ltr'><em>χρόνον</em></span> 
     </span>
     <span class='ocr_line' id='line_1_10' title="bbox 169 1399 957 1500; baseline 0.001 -19"><span class='ocrx_word' id='word_1_50' title='bbox 169 1461 180 1481; x_wconf 60' lang='lat' dir='ltr'><strong><em>s</em></strong></span> <span class='ocrx_word' id='word_1_51' title='bbox 247 1419 313 1485; x_wconf 87' lang='grc' dir='ltr'><em>τοῖς</em></span> <span class='ocrx_word' id='word_1_52' title='bbox 326 1409 515 1499; x_wconf 90' lang='grc' dir='ltr'><em>βαρβάροισι</em></span> <span class='ocrx_word' id='word_1_53' title='bbox 529 1417 721 1499; x_wconf 75' lang='grc' dir='ltr'><em>προδίδοτον</em></span> <span class='ocrx_word' id='word_1_54' title='bbox 742 1413 801 1500; x_wconf 79' lang='grc' dir='ltr'><em>τὴν</em></span> <span class='ocrx_word' id='word_1_55' title='bbox 812 1399 957 1482; x_wconf 84' lang='grc' dir='ltr'><em>Ἑλλάδα.</em></span> 
     </span>
     <span class='ocr_line' id='line_1_11' title="bbox 115 1506 676 1603; baseline 0.005 -23"><span class='ocrx_word' id='word_1_56' title='bbox 115 1506 221 1582; x_wconf 82' lang='grc' dir='ltr'><strong>ΕΡΜ.</strong></span> <span class='ocrx_word' id='word_1_57' title='bbox 246 1513 299 1578; x_wconf 83' lang='grc' dir='ltr'><em>ἴνα</em></span> <span class='ocrx_word' id='word_1_58' title='bbox 322 1512 363 1602; x_wconf 82' lang='grc' dir='ltr'><em>δὴ</em></span> <span class='ocrx_word' id='word_1_59' title='bbox 382 1519 416 1580; x_wconf 91' lang='grc' dir='ltr'><em>τί</em></span> <span class='ocrx_word' id='word_1_60' title='bbox 434 1515 527 1582; x_wconf 81' lang='grc' dir='ltr'><em>τοῦτο</em></span> <span class='ocrx_word' id='word_1_61' title='bbox 544 1518 676 1603; x_wconf 84' lang='grc' dir='ltr'><em>δρᾶτον;</em></span> 
     </span>
    </p>
   </div>
   <div class='ocr_carea' id='block_1_3' title="bbox 892 1611 1223 1706">
    <p class='ocr_par' dir='ltr' id='par_1_3' title="bbox 892 1611 1223 1706">
     <span class='ocr_line' id='line_1_12' title="bbox 892 1611 1223 1706; baseline 0.009 -23"><span class='ocrx_word' id='word_1_62' title='bbox 892 1623 984 1685; x_wconf 87' lang='grc' dir='ltr'><strong>ΤΡΥ.</strong></span> <span class='ocrx_word' id='word_1_63' title='bbox 1008 1611 1078 1706; x_wconf 79' lang='grc' dir='ltr'><em>ὁτιὴ</em></span> <span class='ocrx_word' id='word_1_64' title='bbox 1099 1619 1138 1706; x_wconf 84' lang='grc' dir='ltr'><em>νὴ</em></span> <span class='ocrx_word' id='word_1_65' title='bbox 1159 1624 1223 1686; x_wconf 85' lang='grc' dir='ltr'><em>Δία</em></span> 
     </span>
    </p>
   </div>
   <div class='ocr_carea' id='block_1_4' title="bbox 50 1715 1327 4472">
    <p class='ocr_par' dir='ltr' id='par_1_4' title="bbox 170 1715 1222 2114">
     <span class='ocr_line' id='line_1_13' title="bbox 249 1715 901 1807; baseline -0.002 -21"><span class='ocrx_word' id='word_1_66' title='bbox 249 1715 346 1807; x_wconf 78' lang='grc' dir='ltr'><em>ἡμεῖς</em></span> <span class='ocrx_word' id='word_1_67' title='bbox 365 1719 424 1802; x_wconf 63' lang='grc' dir='ltr'><em>μὲν</em></span> <span class='ocrx_word' id='word_1_68' title='bbox 447 1717 521 1803; x_wconf 84' lang='grc' dir='ltr'><em>ύμῖν</em></span> <span class='ocrx_word' id='word_1_69' title='bbox 539 1718 682 1803; x_wconf 88' lang='grc' dir='ltr'><em>θύομεν,</em></span> <span class='ocrx_word' id='word_1_70' title='bbox 701 1719 842 1787; x_wconf 87' lang='grc' dir='ltr'><em>τούτοισι</em></span> <span class='ocrx_word' id='word_1_71' title='bbox 864 1722 901 1785; x_wconf 80' lang='grc' dir='ltr'><em>δέ</em></span> 
     </span>
     <span class='ocr_line' id='line_1_14' title="bbox 170 1816 1222 1911; baseline 0.006 -23"><span class='ocrx_word' id='word_1_72' title='bbox 170 1902 172 1906; x_wconf 11' lang='lat' dir='ltr'>y</span> <span class='ocrx_word' id='word_1_73' title='bbox 251 1823 284 1888; x_wconf 83' lang='grc' dir='ltr'><em>οἱ</em></span> <span class='ocrx_word' id='word_1_74' title='bbox 311 1818 468 1907; x_wconf 88' lang='grc' dir='ltr'><em>βάρβαροι</em></span> <span class='ocrx_word' id='word_1_75' title='bbox 496 1823 688 1907; x_wconf 85' lang='grc' dir='ltr'><em>θύουσι,</em></span> <span class='ocrx_word' id='word_1_76' title='bbox 719 1817 793 1889; x_wconf 85' lang='grc' dir='ltr'><em>διὰ</em></span> <span class='ocrx_word' id='word_1_77' title='bbox 824 1816 939 1899; x_wconf 77' lang='grc' dir='ltr'><em>τοῦτ’</em></span> <span class='ocrx_word' id='word_1_78' title='bbox 964 1824 1068 1911; x_wconf 80' lang='lat' dir='ltr'><strong>(vulg.</strong></span> <span class='ocrx_word' id='word_1_79' title='bbox 1089 1823 1222 1896; x_wconf 87' lang='grc' dir='ltr'><em>θύουσι.</em></span> 
     </span>
     <span class='ocr_line' id='line_1_15' title="bbox 342 1923 662 2009; baseline 0.003 -19"><span class='ocrx_word' id='word_1_80' title='bbox 342 1923 396 1990; x_wconf 84' lang='grc' dir='ltr'><em>διὰ</em></span> <span class='ocrx_word' id='word_1_81' title='bbox 416 1924 513 2009; x_wconf 75' lang='grc' dir='ltr'><em>τοῦτ’)</em></span> <span class='ocrx_word' id='word_1_82' title='bbox 537 1923 662 1998; x_wconf 84' lang='grc' dir='ltr'><em>εἰκότως</em></span> 
     </span>
     <span class='ocr_line' id='line_1_16' title="bbox 248 2020 928 2114; baseline 0.007 -23"><span class='ocrx_word' id='word_1_83' title='bbox 248 2024 403 2111; x_wconf 80' lang='grc' dir='ltr'><em>βούλοιντ’</em></span> <span class='ocrx_word' id='word_1_84' title='bbox 424 2021 464 2093; x_wconf 78' lang='lat' dir='ltr'><em>dv</em></span> <span class='ocrx_word' id='word_1_85' title='bbox 486 2020 567 2114; x_wconf 79' lang='grc' dir='ltr'><em>ἡμᾶς</em></span> <span class='ocrx_word' id='word_1_86' title='bbox 588 2026 707 2100; x_wconf 83' lang='grc' dir='ltr'><em>πάντας</em></span> <span class='ocrx_word' id='word_1_87' title='bbox 727 2026 928 2111; x_wconf 73' lang='grc' dir='ltr'><em>ἐξολωλέναι,</em></span> 
     </span>
    </p>

    <p class='ocr_par' dir='ltr' id='par_1_5' title="bbox 184 2124 983 2215">
     <span class='ocr_line' id='line_1_17' title="bbox 184 2124 983 2215; baseline 0.004 -22"><span class='ocrx_word' id='word_1_88' title='bbox 184 2164 188 2169; x_wconf 95' lang='grc'><strong>-</strong></span> <span class='ocrx_word' id='word_1_89' title='bbox 221 2167 224 2175; x_wconf 90' lang='lat'>·</span> <span class='ocrx_word' id='word_1_90' title='bbox 250 2129 301 2194; x_wconf 80' lang='grc' dir='ltr'><em>ἵνα</em></span> <span class='ocrx_word' id='word_1_91' title='bbox 322 2129 379 2202; x_wconf 83' lang='grc' dir='ltr'><em>τὰς</em></span> <span class='ocrx_word' id='word_1_92' title='bbox 400 2129 525 2203; x_wconf 79' lang='grc' dir='ltr'><em>τελετάς</em></span> <span class='ocrx_word' id='word_1_93' title='bbox 548 2124 637 2197; x_wconf 83' lang='grc' dir='ltr'><em>αύτοδ</em></span> <span class='ocrx_word' id='word_1_94' title='bbox 658 2129 786 2215; x_wconf 79' lang='grc' dir='ltr'><em>λάβοιεν</em></span> <span class='ocrx_word' id='word_1_95' title='bbox 803 2133 868 2197; x_wconf 80' lang='grc' dir='ltr'><em>τῶν</em></span> <span class='ocrx_word' id='word_1_96' title='bbox 888 2135 983 2198; x_wconf 81' lang='grc' dir='ltr'><em>θεῶν.</em></span> 
     </span>
    </p>

    <p class='ocr_par' dir='ltr' id='par_1_6' title="bbox 50 2232 1225 2424">
     <span class='ocr_line' id='line_1_18' title="bbox 95 2232 1224 2322; baseline 0.004 -26"><span class='ocrx_word' id='word_1_97' title='bbox 95 2233 153 2297; x_wconf 83' lang='lat' dir='ltr'><em>Sic</em></span> <span class='ocrx_word' id='word_1_98' title='bbox 168 2232 432 2317; x_wconf 81' lang='lat' dir='ltr'><strong>distinguendum</strong></span> <span class='ocrx_word' id='word_1_99' title='bbox 452 2255 522 2298; x_wconf 82' lang='lat' dir='ltr'><strong>esse</strong></span> <span class='ocrx_word' id='word_1_100' title='bbox 536 2233 567 2300; x_wconf 87' lang='lat' dir='ltr'><em>h.</em></span> <span class='ocrx_word' id='word_1_101' title='bbox 580 2233 602 2300; x_wconf 87' lang='lat' dir='ltr'><em>l.</em></span> <span class='ocrx_word' id='word_1_102' title='bbox 617 2233 713 2298; x_wconf 84' lang='lat' dir='ltr'><strong>facile</strong></span> <span class='ocrx_word' id='word_1_103' title='bbox 731 2243 880 2320; x_wconf 82' lang='lat' dir='ltr'><strong>apparet:</strong></span> <span class='ocrx_word' id='word_1_104' title='bbox 903 2257 1007 2321; x_wconf 91' lang='lat' dir='ltr'><strong>neque</strong></span> <span class='ocrx_word' id='word_1_105' title='bbox 1024 2237 1108 2300; x_wconf 90' lang='lat' dir='ltr'><strong>enim</strong></span> <span class='ocrx_word' id='word_1_106' title='bbox 1124 2258 1224 2322; x_wconf 90' lang='lat' dir='ltr'><strong>quum</strong></span> 
     </span>
     <span class='ocr_line' id='line_1_19' title="bbox 50 2332 1225 2424; baseline 0.003 -25"><span class='ocrx_word' id='word_1_107' title='bbox 50 2383 53 2388; x_wconf 80' lang='lat'>·</span> <span class='ocrx_word' id='word_1_108' title='bbox 95 2336 236 2416; x_wconf 85' lang='lat' dir='ltr'><strong>Hermes</strong></span> <span class='ocrx_word' id='word_1_109' title='bbox 251 2336 465 2422; x_wconf 80' lang='lat' dir='ltr'><strong>quaesiverit,</strong></span> <span class='ocrx_word' id='word_1_110' title='bbox 491 2357 554 2422; x_wconf 91' lang='lat' dir='ltr'><em>quo</em></span> <span class='ocrx_word' id='word_1_111' title='bbox 572 2335 705 2401; x_wconf 85' lang='lat' dir='ltr'><strong>consilio</strong></span> <span class='ocrx_word' id='word_1_112' title='bbox 724 2337 786 2414; x_wconf 83' lang='grc' dir='ltr'><em>(ἵνα</em></span> <span class='ocrx_word' id='word_1_113' title='bbox 805 2332 846 2423; x_wconf 78' lang='grc' dir='ltr'><em>δὴ</em></span> <span class='ocrx_word' id='word_1_114' title='bbox 857 2336 903 2424; x_wconf 84' lang='grc' dir='ltr'><em>τί)</em></span> <span class='ocrx_word' id='word_1_115' title='bbox 917 2337 1010 2402; x_wconf 87' lang='lat' dir='ltr'><strong>Luna</strong></span> <span class='ocrx_word' id='word_1_116' title='bbox 1025 2346 1057 2402; x_wconf 90' lang='lat' dir='ltr'><em>et</em></span> <span class='ocrx_word' id='word_1_117' title='bbox 1071 2338 1127 2402; x_wconf 83' lang='lat' dir='ltr'><em>sol</em></span> <span class='ocrx_word' id='word_1_118' title='bbox 1142 2337 1225 2402; x_wconf 89' lang='lat' dir='ltr'><strong>illud</strong></span> 
     </span>
    </p>

    <p class='ocr_par' dir='ltr' id='par_1_7' title="bbox 95 2437 1228 3952">
     <span class='ocr_line' id='line_1_20' title="bbox 95 2437 1225 2525; baseline 0.002 -24"><span class='ocrx_word' id='word_1_119' title='bbox 95 2438 234 2521; x_wconf 50' lang='lat' dir='ltr'><strong>fanianu</strong></span> <span class='ocrx_word' id='word_1_120' title='bbox 268 2437 437 2523; x_wconf 77' lang='lat' dir='ltr'><strong>Trygaeus</strong></span> <span class='ocrx_word' id='word_1_121' title='bbox 471 2447 556 2502; x_wconf 84' lang='lat' dir='ltr'><strong>reete</strong></span> <span class='ocrx_word' id='word_1_122' title='bbox 587 2439 632 2504; x_wconf 88' lang='lat' dir='ltr'><em>ita</em></span> <span class='ocrx_word' id='word_1_123' title='bbox 662 2448 768 2525; x_wconf 82' lang='lat' dir='ltr'><strong>potest</strong></span> <span class='ocrx_word' id='word_1_124' title='bbox 799 2439 1011 2525; x_wconf 81' lang='lat' dir='ltr'><strong>respondere,</strong></span> <span class='ocrx_word' id='word_1_125' title='bbox 1046 2448 1081 2504; x_wconf 88' lang='lat' dir='ltr'><em>ut</em></span> <span class='ocrx_word' id='word_1_126' title='bbox 1113 2440 1225 2504; x_wconf 82' lang='lat' dir='ltr'><strong>afferat</strong></span> 
     </span>
     <span class='ocr_line' id='line_1_21' title="bbox 96 2541 1224 2628; baseline 0.001 -24"><span class='ocrx_word' id='word_1_127' title='bbox 96 2563 280 2623; x_wconf 83' lang='lat' dir='ltr'><strong>eausam,</strong></span> <span class='ocrx_word' id='word_1_128' title='bbox 305 2561 388 2626; x_wconf 81' lang='lat' dir='ltr'><em>quae</em></span> <span class='ocrx_word' id='word_1_129' title='bbox 407 2541 545 2604; x_wconf 85' lang='lat' dir='ltr'><strong>cernitur</strong></span> <span class='ocrx_word' id='word_1_130' title='bbox 566 2542 607 2606; x_wconf 91' lang='lat' dir='ltr'><em>in</em></span> <span class='ocrx_word' id='word_1_131' title='bbox 629 2563 764 2606; x_wconf 85' lang='lat' dir='ltr'><strong>rerum</strong></span> <span class='ocrx_word' id='word_1_132' title='bbox 784 2541 1045 2609; x_wconf 86' lang='lat' dir='ltr'><strong>conditione.</strong></span> <span class='ocrx_word' id='word_1_133' title='bbox 1080 2542 1224 2628; x_wconf 81' lang='lat' dir='ltr'><strong>Respon-</strong></span> 
     </span>
     <span class='ocr_line' id='line_1_22' title="bbox 95 2636 1224 2731; baseline 0 -23"><span class='ocrx_word' id='word_1_134' title='bbox 95 2643 175 2709; x_wconf 84' lang='lat' dir='ltr'><strong>dent</strong></span> <span class='ocrx_word' id='word_1_135' title='bbox 192 2643 299 2708; x_wconf 83' lang='lat' dir='ltr'><strong>verbis</strong></span> <span class='ocrx_word' id='word_1_136' title='bbox 320 2641 373 2707; x_wconf 84' lang='grc' dir='ltr'><em>ἵνα</em></span> <span class='ocrx_word' id='word_1_137' title='bbox 393 2636 436 2729; x_wconf 80' lang='grc' dir='ltr'><em>δὴ</em></span> <span class='ocrx_word' id='word_1_138' title='bbox 455 2648 491 2707; x_wconf 89' lang='grc' dir='ltr'><em>τί</em></span> <span class='ocrx_word' id='word_1_139' title='bbox 507 2643 600 2708; x_wconf 88' lang='grc' dir='ltr'><em>τούτο</em></span> <span class='ocrx_word' id='word_1_140' title='bbox 622 2644 756 2728; x_wconf 79' lang='grc' dir='ltr'><em>δρᾶτον;</em></span> <span class='ocrx_word' id='word_1_141' title='bbox 786 2646 891 2731; x_wconf 88' lang='lat' dir='ltr'><strong>potius</strong></span> <span class='ocrx_word' id='word_1_142' title='bbox 914 2665 952 2707; x_wconf 82' lang='lat' dir='ltr'><em>ea</em></span> <span class='ocrx_word' id='word_1_143' title='bbox 976 2666 1058 2731; x_wconf 82' lang='lat' dir='ltr'><em>quae</em></span> <span class='ocrx_word' id='word_1_144' title='bbox 1081 2653 1224 2708; x_wconf 83' lang='lat' dir='ltr'><strong>extrema</strong></span> 
     </span>
     <span class='ocr_line' id='line_1_23' title="bbox 96 2731 1224 2832; baseline 0.001 -23"><span class='ocrx_word' id='word_1_145' title='bbox 96 2745 177 2810; x_wconf 84' lang='lat' dir='ltr'><strong>dicit</strong></span> <span class='ocrx_word' id='word_1_146' title='bbox 199 2745 385 2832; x_wconf 75' lang='lat' dir='ltr'><strong>Trygaeus:</strong></span> <span class='ocrx_word' id='word_1_147' title='bbox 407 2731 534 2817; x_wconf 72' lang='grc' dir='ltr'><em>ἵναπάς</em></span> <span class='ocrx_word' id='word_1_148' title='bbox 553 2743 681 2819; x_wconf 86' lang='grc' dir='ltr'><em>τελετάς</em></span> <span class='ocrx_word' id='word_1_149' title='bbox 702 2745 790 2814; x_wconf 78' lang='lat' dir='ltr'><strong>edroi</strong></span> <span class='ocrx_word' id='word_1_150' title='bbox 811 2743 940 2831; x_wconf 87' lang='grc' dir='ltr'><em>λάβοιεν</em></span> <span class='ocrx_word' id='word_1_151' title='bbox 966 2747 1028 2812; x_wconf 79' lang='grc' dir='ltr'><em>τῶν</em></span> <span class='ocrx_word' id='word_1_152' title='bbox 1048 2742 1160 2828; x_wconf 78' lang='grc' dir='ltr'><em>θεῶν,</em></span> <span class='ocrx_word' id='word_1_153' title='bbox 1179 2748 1224 2810; x_wconf 94' lang='lat' dir='ltr'><em>in·</em></span> 
     </span>
     <span class='ocr_line' id='line_1_24' title="bbox 96 2843 1226 2932; baseline 0.001 -20"><span class='ocrx_word' id='word_1_154' title='bbox 96 2870 193 2912; x_wconf 77' lang='lat' dir='ltr'><strong>verso</strong></span> <span class='ocrx_word' id='word_1_155' title='bbox 214 2846 445 2912; x_wconf 83' lang='lat' dir='ltr'><strong>sententiarum</strong></span> <span class='ocrx_word' id='word_1_156' title='bbox 465 2847 593 2916; x_wconf 86' lang='lat' dir='ltr'><strong>ordine:</strong></span> <span class='ocrx_word' id='word_1_157' title='bbox 615 2847 666 2913; x_wconf 79' lang='grc' dir='ltr'><em>ἵνα</em></span> <span class='ocrx_word' id='word_1_158' title='bbox 686 2846 742 2922; x_wconf 82' lang='grc' dir='ltr'><em>τάς</em></span> <span class='ocrx_word' id='word_1_159' title='bbox 762 2846 888 2920; x_wconf 87' lang='grc' dir='ltr'><em>τελετὰς</em></span> <span class='ocrx_word' id='word_1_160' title='bbox 909 2843 1001 2914; x_wconf 83' lang='grc' dir='ltr'><em>αύτοδ</em></span> <span class='ocrx_word' id='word_1_161' title='bbox 1017 2848 1145 2932; x_wconf 85' lang='grc' dir='ltr'><em>λάβοιεν</em></span> <span class='ocrx_word' id='word_1_162' title='bbox 1161 2849 1226 2913; x_wconf 82' lang='grc' dir='ltr'><em>τῶν</em></span> 
     </span>
     <span class='ocr_line' id='line_1_25' title="bbox 96 2940 1224 3036; baseline 0 -22"><span class='ocrx_word' id='word_1_163' title='bbox 96 2953 204 3030; x_wconf 83' lang='grc' dir='ltr'><em>θεῶν,</em></span> <span class='ocrx_word' id='word_1_164' title='bbox 234 2942 389 3032; x_wconf 81' lang='grc' dir='ltr'><em>βούλοιντ’</em></span> <span class='ocrx_word' id='word_1_165' title='bbox 413 2940 457 3014; x_wconf 80' lang='grc' dir='ltr'><em>άν</em></span> <span class='ocrx_word' id='word_1_166' title='bbox 479 2944 563 3035; x_wconf 79' lang='grc' dir='ltr'><em>ἡμᾶς</em></span> <span class='ocrx_word' id='word_1_167' title='bbox 584 2947 711 3024; x_wconf 82' lang='grc' dir='ltr'><em>πάντας</em></span> <span class='ocrx_word' id='word_1_168' title='bbox 732 2948 914 3024; x_wconf 78' lang='grc' dir='ltr'><em>ἐξολωλέναι</em></span> <span class='ocrx_word' id='word_1_169' title='bbox 936 2946 1003 3036; x_wconf 86' lang='grc' dir='ltr'><em>(διὰ</em></span> <span class='ocrx_word' id='word_1_170' title='bbox 1022 2951 1129 3035; x_wconf 86' lang='grc' dir='ltr'><em>τούθἸ</em></span> <span class='ocrx_word' id='word_1_171' title='bbox 1153 2943 1224 3036; x_wconf 82' lang='grc' dir='ltr'><em>ὁτιὴ</em></span> 
     </span>
     <span class='ocr_line' id='line_1_26' title="bbox 96 3047 1226 3140; baseline -0.001 -24"><span class='ocrx_word' id='word_1_172' title='bbox 96 3050 191 3138; x_wconf 77' lang='grc' dir='ltr'><em>ἡμεῖς</em></span> <span class='ocrx_word' id='word_1_173' title='bbox 211 3047 288 3132; x_wconf 84' lang='grc' dir='ltr'><em>ύμῖν</em></span> <span class='ocrx_word' id='word_1_174' title='bbox 307 3049 432 3133; x_wconf 88' lang='grc' dir='ltr'><em>θύομεν</em></span> <span class='ocrx_word' id='word_1_175' title='bbox 454 3050 590 3138; x_wconf 87' lang='lat' dir='ltr'><strong>(quippe</strong></span> <span class='ocrx_word' id='word_1_176' title='bbox 613 3053 667 3140; x_wconf 90' lang='lat' dir='ltr'><em>qui</em></span> <span class='ocrx_word' id='word_1_177' title='bbox 686 3053 778 3117; x_wconf 86' lang='lat' dir='ltr'><strong>vobis</strong></span> <span class='ocrx_word' id='word_1_178' title='bbox 802 3052 1049 3139; x_wconf 82' lang='lat' dir='ltr'><strong>sacrificemus),</strong></span> <span class='ocrx_word' id='word_1_179' title='bbox 1082 3051 1226 3117; x_wconf 82' lang='grc' dir='ltr'><em>τούτοισι</em></span> 
     </span>
     <span class='ocr_line' id='line_1_27' title="bbox 96 3151 1222 3239; baseline -0.004 -21"><span class='ocrx_word' id='word_1_180' title='bbox 96 3153 133 3218; x_wconf 75' lang='grc' dir='ltr'><em>δέ</em></span> <span class='ocrx_word' id='word_1_181' title='bbox 157 3153 190 3218; x_wconf 82' lang='grc' dir='ltr'><em>οἱ</em></span> <span class='ocrx_word' id='word_1_182' title='bbox 209 3151 367 3237; x_wconf 90' lang='grc' dir='ltr'><em>βάρβαροι</em></span> <span class='ocrx_word' id='word_1_183' title='bbox 382 3154 454 3239; x_wconf 68' lang='lat' dir='ltr'><em>(se.</em></span> <span class='ocrx_word' id='word_1_184' title='bbox 478 3152 584 3235; x_wconf 90' lang='grc' dir='ltr'><em>μόνοι)</em></span> <span class='ocrx_word' id='word_1_185' title='bbox 612 3152 756 3221; x_wconf 78' lang='grc' dir='ltr'><em>θύουσιν.</em></span> <span class='ocrx_word' id='word_1_186' title='bbox 800 3153 1001 3219; x_wconf 85' lang='lat' dir='ltr'><strong>Simillimam</strong></span> <span class='ocrx_word' id='word_1_187' title='bbox 1032 3162 1222 3220; x_wconf 81' lang='lat' dir='ltr'><strong>structuram</strong></span> 
     </span>
     <span class='ocr_line' id='line_1_28' title="bbox 97 3249 1224 3343; baseline 0 -23"><span class='ocrx_word' id='word_1_188' title='bbox 97 3256 191 3320; x_wconf 81' lang='lat' dir='ltr'><strong>vides</strong></span> <span class='ocrx_word' id='word_1_189' title='bbox 204 3256 273 3322; x_wconf 75' lang='lat' dir='ltr'><em>Av,</em></span> <span class='ocrx_word' id='word_1_190' title='bbox 287 3251 361 3320; x_wconf 80' lang='lat'><em>112</em></span> <span class='ocrx_word' id='word_1_191' title='bbox 373 3276 443 3340; x_wconf 85' lang='lat' dir='ltr'><strong>sqq.</strong></span> <span class='ocrx_word' id='word_1_192' title='bbox 466 3253 608 3339; x_wconf 90' lang='grc' dir='ltr'><em>πράγους</em></span> <span class='ocrx_word' id='word_1_193' title='bbox 622 3256 658 3322; x_wconf 80' lang='grc' dir='ltr'><em>δὲ</em></span> <span class='ocrx_word' id='word_1_194' title='bbox 671 3251 710 3343; x_wconf 78' lang='grc' dir='ltr'><em>δὴ</em></span> <span class='ocrx_word' id='word_1_195' title='bbox 724 3257 782 3321; x_wconf 83' lang='grc' dir='ltr'><em>τοῦ</em></span> <span class='ocrx_word' id='word_1_196' title='bbox 797 3257 937 3338; x_wconf 87' lang='grc' dir='ltr'><em>δεομένω</em></span> <span class='ocrx_word' id='word_1_197' title='bbox 949 3249 1033 3339; x_wconf 82' lang='grc' dir='ltr'><em>δεῦρ’</em></span> <span class='ocrx_word' id='word_1_198' title='bbox 1048 3250 1201 3341; x_wconf 74' lang='grc' dir='ltr'><em>ἠλθέτην;</em></span> <span class='ocrx_word' id='word_1_199' title='bbox 1219 3254 1224 3342; x_wconf 89' lang='grc' dir='ltr'>Ι</span> 
     </span>
     <span class='ocr_line' id='line_1_29' title="bbox 98 3351 1226 3443; baseline 0.001 -22"><span class='ocrx_word' id='word_1_200' title='bbox 98 3397 140 3406; x_wconf 85' lang='lat'>-</span> <span class='ocrx_word' id='word_1_201' title='bbox 163 3358 214 3421; x_wconf 80' lang='grc' dir='ltr'><em>σοὶ</em></span> <span class='ocrx_word' id='word_1_202' title='bbox 229 3360 435 3438; x_wconf 74' lang='grc' dir='ltr'><em>ξυγγενέσθαι</em></span> <span class='ocrx_word' id='word_1_203' title='bbox 445 3358 639 3441; x_wconf 90' lang='grc' dir='ltr'><em>βουλομένω.</em></span> <span class='ocrx_word' id='word_1_204' title='bbox 655 3399 696 3408; x_wconf 90' lang='lat'><em>—-</em></span> <span class='ocrx_word' id='word_1_205' title='bbox 716 3363 800 3431; x_wconf 91' lang='grc' dir='ltr'><em>τίνος</em></span> <span class='ocrx_word' id='word_1_206' title='bbox 814 3363 904 3443; x_wconf 70' lang='grc' dir='ltr'><em>πέρι,</em></span> <span class='ocrx_word' id='word_1_207' title='bbox 924 3360 990 3443; x_wconf 84' lang='grc' dir='ltr'><em>Ι-</em></span> <span class='ocrx_word' id='word_1_208' title='bbox 1013 3351 1076 3423; x_wconf 83' lang='grc' dir='ltr'><em>δτι</em></span> <span class='ocrx_word' id='word_1_209' title='bbox 1095 3358 1226 3443; x_wconf 78' lang='grc' dir='ltr'><em>πρῶτον</em></span> 
     </span>
     <span class='ocr_line' id='line_1_30' title="bbox 97 3447 1228 3547; baseline 0 -23"><span class='ocrx_word' id='word_1_210' title='bbox 97 3447 175 3547; x_wconf 73' lang='grc' dir='ltr'><em>ἦσθ’</em></span> <span class='ocrx_word' id='word_1_211' title='bbox 189 3455 365 3543; x_wconf 85' lang='grc' dir='ltr'><em>ἄνθρωπος</em></span> <span class='ocrx_word' id='word_1_212' title='bbox 378 3453 490 3543; x_wconf 81' lang='grc' dir='ltr'><em>ὥσπερ</em></span> <span class='ocrx_word' id='word_1_213' title='bbox 505 3455 549 3524; x_wconf 83' lang='grc' dir='ltr'><em>νδ</em></span> <span class='ocrx_word' id='word_1_214' title='bbox 569 3461 658 3544; x_wconf 87' lang='grc' dir='ltr'><em>ποτέ,</em></span> <span class='ocrx_word' id='word_1_215' title='bbox 679 3465 683 3546; x_wconf 91' lang='grc' dir='ltr'>Ι</span> <span class='ocrx_word' id='word_1_216' title='bbox 703 3453 759 3527; x_wconf 79' lang='grc' dir='ltr'><em>εἶτ’</em></span> <span class='ocrx_word' id='word_1_217' title='bbox 774 3450 869 3534; x_wconf 77' lang='grc' dir='ltr'><em>αὖθις</em></span> <span class='ocrx_word' id='word_1_218' title='bbox 880 3454 1021 3544; x_wconf 83' lang='grc' dir='ltr'><em>ὀρνίθων</em></span> <span class='ocrx_word' id='word_1_219' title='bbox 1033 3459 1228 3543; x_wconf 86' lang='grc' dir='ltr'><em>μεταλλάξας</em></span> 
     </span>
     <span class='ocr_line' id='line_1_31' title="bbox 98 3554 1225 3649; baseline 0.003 -24"><span class='ocrx_word' id='word_1_220' title='bbox 98 3559 199 3645; x_wconf 92' lang='grc' dir='ltr'><em>φύσιν</em></span> <span class='ocrx_word' id='word_1_221' title='bbox 218 3561 224 3646; x_wconf 95' lang='grc' dir='ltr'>Ι</span> <span class='ocrx_word' id='word_1_222' title='bbox 242 3561 294 3625; x_wconf 80' lang='grc' dir='ltr'><em>καί</em></span> <span class='ocrx_word' id='word_1_223' title='bbox 316 3560 374 3646; x_wconf 77' lang='grc' dir='ltr'><em>γῆν</em></span> <span class='ocrx_word' id='word_1_224' title='bbox 402 3557 548 3627; x_wconf 76' lang='grc' dir='ltr'><em>ἐπέπτου</em></span> <span class='ocrx_word' id='word_1_225' title='bbox 570 3564 623 3628; x_wconf 79' lang='grc' dir='ltr'><em>καί</em></span> <span class='ocrx_word' id='word_1_226' title='bbox 643 3560 806 3628; x_wconf 87' lang='grc' dir='ltr'><em>θάλατταν</em></span> <span class='ocrx_word' id='word_1_227' title='bbox 832 3559 867 3628; x_wconf 81' lang='grc' dir='ltr'><em>ἒν</em></span> <span class='ocrx_word' id='word_1_228' title='bbox 888 3560 1005 3648; x_wconf 84' lang='grc' dir='ltr'><em>κύκλφ,</em></span> <span class='ocrx_word' id='word_1_229' title='bbox 1025 3561 1029 3649; x_wconf 90' lang='grc' dir='ltr'>Ι</span> <span class='ocrx_word' id='word_1_230' title='bbox 1050 3564 1101 3627; x_wconf 79' lang='grc' dir='ltr'><em>καί</em></span> <span class='ocrx_word' id='word_1_231' title='bbox 1122 3554 1225 3628; x_wconf 74' lang='grc' dir='ltr'><em>πάνθ’</em></span> 
     </span>
     <span class='ocr_line' id='line_1_32' title="bbox 100 3650 1227 3751; baseline 0.002 -24"><span class='ocrx_word' id='word_1_232' title='bbox 100 3650 228 3747; x_wconf 75' lang='grc' dir='ltr'><em>ὅσαπερ</em></span> <span class='ocrx_word' id='word_1_233' title='bbox 251 3658 425 3748; x_wconf 84' lang='grc' dir='ltr'><em>ἄνθρωπος</em></span> <span class='ocrx_word' id='word_1_234' title='bbox 447 3659 509 3728; x_wconf 82' lang='grc' dir='ltr'><em>ὅσα</em></span> <span class='ocrx_word' id='word_1_235' title='bbox 535 3665 561 3730; x_wconf 87' lang='grc' dir='ltr'><em>τ’</em></span> <span class='ocrx_word' id='word_1_236' title='bbox 586 3660 672 3750; x_wconf 81' lang='grc' dir='ltr'><em>ὅρνις</em></span> <span class='ocrx_word' id='word_1_237' title='bbox 693 3673 819 3750; x_wconf 77' lang='grc' dir='ltr'><em>φρονεῖς</em></span> <span class='ocrx_word' id='word_1_238' title='bbox 839 3666 905 3751; x_wconf 89' lang='grc' dir='ltr'><em>-Ι</em></span> <span class='ocrx_word' id='word_1_239' title='bbox 924 3665 1027 3730; x_wconf 76' lang='grc' dir='ltr'><em>ταῦτ’</em></span> <span class='ocrx_word' id='word_1_240' title='bbox 1050 3653 1120 3731; x_wconf 86' lang='grc' dir='ltr'><em>ούν</em></span> <span class='ocrx_word' id='word_1_241' title='bbox 1143 3664 1227 3730; x_wconf 83' lang='grc' dir='ltr'><em>ἱκέτα</em></span> 
     </span>
     <span class='ocr_line' id='line_1_33' title="bbox 98 3758 1227 3854; baseline 0 -24"><span class='ocrx_word' id='word_1_242' title='bbox 98 3763 144 3831; x_wconf 81' lang='grc' dir='ltr'><em>νδ</em></span> <span class='ocrx_word' id='word_1_243' title='bbox 162 3758 246 3849; x_wconf 77' lang='grc' dir='ltr'><em>πρὸς</em></span> <span class='ocrx_word' id='word_1_244' title='bbox 272 3765 310 3830; x_wconf 75' lang='grc' dir='ltr'><em>σε</em></span> <span class='ocrx_word' id='word_1_245' title='bbox 334 3758 421 3848; x_wconf 79' lang='grc' dir='ltr'><em>δεῦρ’</em></span> <span class='ocrx_word' id='word_1_246' title='bbox 441 3760 608 3852; x_wconf 77' lang='grc' dir='ltr'><em>ἀφίγμεθα</em></span> <span class='ocrx_word' id='word_1_247' title='bbox 626 3769 631 3853; x_wconf 94' lang='grc' dir='ltr'>Ι</span> <span class='ocrx_word' id='word_1_248' title='bbox 650 3768 690 3834; x_wconf 88' lang='grc' dir='ltr'><em>εἴ</em></span> <span class='ocrx_word' id='word_1_249' title='bbox 707 3791 778 3835; x_wconf 91' lang='grc' dir='ltr'><em>τινα</em></span> <span class='ocrx_word' id='word_1_250' title='bbox 805 3768 903 3834; x_wconf 86' lang='grc' dir='ltr'><em>πάλιν</em></span> <span class='ocrx_word' id='word_1_251' title='bbox 933 3764 1133 3854; x_wconf 80' lang='grc' dir='ltr'><em>φράσειας</em></span> <span class='ocrx_word' id='word_1_252' title='bbox 1154 3766 1227 3853; x_wconf 80' lang='grc' dir='ltr'><em>ἡμῖν</em></span> 
     </span>
     <span class='ocr_line' id='line_1_34' title="bbox 98 3863 284 3952; baseline 0 -20"><span class='ocrx_word' id='word_1_253' title='bbox 98 3863 221 3952; x_wconf 78' lang='grc' dir='ltr'><em>εὔερον.</em></span> <span class='ocrx_word' id='word_1_254' title='bbox 243 3907 284 3916; x_wconf 92' lang='grc'>-</span> 
     </span>
    </p>

    <p class='ocr_par' dir='ltr' id='par_1_8' title="bbox 184 3961 1284 4058">
     <span class='ocr_line' id='line_1_35' title="bbox 184 3961 1284 4058; baseline 0.001 -23"><span class='ocrx_word' id='word_1_255' title='bbox 184 3970 222 4037; x_wconf 84' lang='lat' dir='ltr'><em>P.</em></span> <span class='ocrx_word' id='word_1_256' title='bbox 243 3965 326 4036; x_wconf 85' lang='grc'>832·</span> <span class='ocrx_word' id='word_1_257' title='bbox 341 3993 427 4058; x_wconf 79' lang='lat' dir='ltr'><strong>sqq:</strong></span> <span class='ocrx_word' id='word_1_258' title='bbox 451 3967 507 4037; x_wconf 85' lang='grc' dir='ltr'><em>ούκ</em></span> <span class='ocrx_word' id='word_1_259' title='bbox 526 3961 567 4057; x_wconf 75' lang='grc' dir='ltr'><em>ἦν</em></span> <span class='ocrx_word' id='word_1_260' title='bbox 588 3968 636 4057; x_wconf 76' lang='grc' dir='ltr'><em>ἄρ’</em></span> <span class='ocrx_word' id='word_1_261' title='bbox 659 3966 726 4039; x_wconf 78' lang='grc' dir='ltr'><em>οὐδ’</em></span> <span class='ocrx_word' id='word_1_262' title='bbox 750 3965 771 4038; x_wconf 79' lang='grc' dir='ltr'><em>ά</em></span> <span class='ocrx_word' id='word_1_263' title='bbox 790 3973 918 4055; x_wconf 86' lang='grc' dir='ltr'><em>λέγουσι</em></span> <span class='ocrx_word' id='word_1_264' title='bbox 938 3970 1018 4038; x_wconf 85' lang='grc' dir='ltr'><em>κατὰ</em></span> <span class='ocrx_word' id='word_1_265' title='bbox 1037 3968 1097 4038; x_wconf 81' lang='grc' dir='ltr'><em>τὸν</em></span> <span class='ocrx_word' id='word_1_266' title='bbox 1117 3964 1204 4057; x_wconf 84' lang='grc' dir='ltr'><em>άέρα,</em></span> <span class='ocrx_word' id='word_1_267' title='bbox 1277 4041 1284 4058; x_wconf 88' lang='lat'><strong>.</strong></span> 
     </span>
    </p>

    <p class='ocr_par' dir='ltr' id='par_1_9' title="bbox 341 4067 1183 4159">
     <span class='ocr_line' id='line_1_36' title="bbox 341 4067 1183 4159; baseline 0.006 -23"><span class='ocrx_word' id='word_1_268' title='bbox 341 4103 343 4113; x_wconf 42' lang='lat' dir='ltr'>s</span> <span class='ocrx_word' id='word_1_269' title='bbox 455 4067 495 4145; x_wconf 78' lang='grc' dir='ltr'><em>(ὃς</em></span> <span class='ocrx_word' id='word_1_270' title='bbox 518 4069 648 4158; x_wconf 81' lang='grc' dir='ltr'><em>ἀστέρες</em></span> <span class='ocrx_word' id='word_1_271' title='bbox 669 4069 834 4158; x_wconf 77' lang='grc' dir='ltr'><em>γιγνόμεθ’</em></span> <span class='ocrx_word' id='word_1_272' title='bbox 852 4071 930 4141; x_wconf 76' lang='grc' dir='ltr'><em>ὅταν</em></span> <span class='ocrx_word' id='word_1_273' title='bbox 950 4095 997 4146; x_wconf 87' lang='grc' dir='ltr'><em>τις</em></span> <span class='ocrx_word' id='word_1_274' title='bbox 1019 4070 1183 4159; x_wconf 78' lang='grc' dir='ltr'><em>ἀποθάνῃ.</em></span> 
     </span>
    </p>

    <p class='ocr_par' dir='ltr' id='par_1_10' title="bbox 98 4174 1327 4472">
     <span class='ocr_line' id='line_1_37' title="bbox 98 4174 1228 4262; baseline -0.001 -20"><span class='ocrx_word' id='word_1_275' title='bbox 98 4175 183 4242; x_wconf 87' lang='lat' dir='ltr'><strong>Mire</strong></span> <span class='ocrx_word' id='word_1_276' title='bbox 200 4174 343 4244; x_wconf 84' lang='lat' dir='ltr'><strong>Brunek.</strong></span> <span class='ocrx_word' id='word_1_277' title='bbox 367 4176 479 4246; x_wconf 84' lang='lat' dir='ltr'><strong>vertit:</strong></span> <span class='ocrx_word' id='word_1_278' title='bbox 516 4199 603 4258; x_wconf 86' lang='lat' dir='ltr'><strong>„non</strong></span> <span class='ocrx_word' id='word_1_279' title='bbox 638 4199 714 4262; x_wconf 87' lang='lat' dir='ltr'><strong>ergo</strong></span> <span class='ocrx_word' id='word_1_280' title='bbox 748 4177 829 4242; x_wconf 89' lang='lat' dir='ltr'><strong>illud</strong></span> <span class='ocrx_word' id='word_1_281' title='bbox 862 4199 933 4242; x_wconf 80' lang='lat' dir='ltr'><strong>esse</strong></span> <span class='ocrx_word' id='word_1_282' title='bbox 957 4198 1070 4240; x_wconf 89' lang='lat' dir='ltr'><strong>verum</strong></span> <span class='ocrx_word' id='word_1_283' title='bbox 1094 4177 1128 4240; x_wconf 93' lang='lat' dir='ltr'><em>in</em></span> <span class='ocrx_word' id='word_1_284' title='bbox 1155 4197 1228 4241; x_wconf 87' lang='lat' dir='ltr'><strong>aere</strong></span> 
     </span>
     <span class='ocr_line' id='line_1_38' title="bbox 100 4277 1227 4365; baseline -0.001 -21"><span class='ocrx_word' id='word_1_285' title='bbox 100 4277 360 4365; x_wconf 81' lang='lat' dir='ltr'><strong>deprehendisti,</strong></span> <span class='ocrx_word' id='word_1_286' title='bbox 385 4277 473 4364; x_wconf 90' lang='lat' dir='ltr'><em>quod</em></span> <span class='ocrx_word' id='word_1_287' title='bbox 495 4278 596 4363; x_wconf 87' lang='lat' dir='ltr'>vulgo</span> <span class='ocrx_word' id='word_1_288' title='bbox 619 4280 731 4344; x_wconf 88' lang='lat' dir='ltr'><strong>dieunt</strong></span> <span class='ocrx_word' id='word_1_289' title='bbox 754 4303 812 4345; x_wconf 88' lang='lat' dir='ltr'><em>nos</em></span> <span class='ocrx_word' id='word_1_290' title='bbox 834 4280 943 4345; x_wconf 84' lang='lat' dir='ltr'><strong>stellas</strong></span> <span class='ocrx_word' id='word_1_291' title='bbox 965 4277 1080 4342; x_wconf 82' lang='lat' dir='ltr'><strong>fieri?“</strong></span> <span class='ocrx_word' id='word_1_292' title='bbox 1123 4278 1227 4344; x_wconf 90' lang='lat' dir='ltr'><strong>Immo</strong></span> 
     </span>
     <span class='ocr_line' id='line_1_39' title="bbox 100 4374 1327 4472; baseline -0.002 -24"><span class='ocrx_word' id='word_1_293' title='bbox 100 4381 204 4454; x_wconf 77' lang='lat' dir='ltr'><strong>verbe</strong></span> <span class='ocrx_word' id='word_1_294' title='bbox 217 4374 297 4449; x_wconf 82' lang='grc' dir='ltr'><em>κατὰ</em></span> <span class='ocrx_word' id='word_1_295' title='bbox 310 4378 366 4448; x_wconf 83' lang='grc' dir='ltr'><em>τδν</em></span> <span class='ocrx_word' id='word_1_296' title='bbox 381 4374 459 4468; x_wconf 85' lang='grc' dir='ltr'><em>άίρα</em></span> <span class='ocrx_word' id='word_1_297' title='bbox 474 4382 580 4472; x_wconf 87' lang='lat' dir='ltr'><strong>potius</strong></span> <span class='ocrx_word' id='word_1_298' title='bbox 597 4403 670 4447; x_wconf 85' lang='lat' dir='ltr'><em>eum</em></span> <span class='ocrx_word' id='word_1_299' title='bbox 686 4383 731 4448; x_wconf 86' lang='lat' dir='ltr'><em>eis</em></span> <span class='ocrx_word' id='word_1_300' title='bbox 748 4403 831 4470; x_wconf 87' lang='lat' dir='ltr'><em>quae</em></span> <span class='ocrx_word' id='word_1_301' title='bbox 847 4389 1023 4470; x_wconf 80' lang='lat' dir='ltr'><strong>sequuntur</strong></span> <span class='ocrx_word' id='word_1_302' title='bbox 1038 4377 1081 4456; x_wconf 80' lang='grc' dir='ltr'><em>ὦς</em></span> <span class='ocrx_word' id='word_1_303' title='bbox 1095 4378 1229 4470; x_wconf 84' lang='grc' dir='ltr'><em>α’στέρες</em></span> <span class='ocrx_word' id='word_1_304' title='bbox 1325 4434 1327 4440; x_wconf 71' lang='lat'><em>,</em></span> 
     </span>
    </p>
   </div>
   <div class='ocr_carea' id='block_1_5' title="bbox 986 4503 1022 4562">
    <p class='ocr_par' dir='ltr' id='par_1_11' title="bbox 986 4503 1022 4562">
     <span class='ocr_line' id='line_1_40' title="bbox 986 4503 1022 4562; baseline 0 -25"><span class='ocrx_word' id='word_1_305' title='bbox 986 4503 1022 4562; x_wconf 64' lang='lat'><em>3⁸8·</em></span> 
     </span>
    </p>
   </div>
   <div class='ocr_carea' id='block_1_6' title="bbox 0 0 1574 5152">
    <p class='ocr_par' dir='ltr' id='par_1_12' title="bbox 0 0 1574 5152">
     <span class='ocr_line' id='line_1_41' title="bbox 0 0 1574 5152; baseline 0 0"><span class='ocrx_word' id='word_1_306' title='bbox 0 0 1574 5152; x_wconf 95' lang='lat' dir='ltr'><em> </em></span> 
     </span>
    </p>
   </div>
  </div>
 </body>
</html>
