3120 5152
733 407 797 479 115

192 602 273 667 Hdt.
296 600 354 670 Vl.
376 596 434 667 19:
457 606 598 681 γυναῖκες
619 599 671 664 καὶ
691 603 796 666 τέκνα.
816 599 865 670 ΡΙ.
888 600 978 686 Reip.
1003 600 1062 670 lX.
1082 597 1202 672 578132
1225 624 1252 685 γ.
1274 603 1326 668 καὶ

192 705 335 791 παῖδας).
379 705 431 769 De
466 701 701 787 significatione
731 723 842 788 praep.
866 699 906 774 ὥς
935 703 998 767 tria
1028 702 1104 768 licat
1136 703 1324 769 observare:

191 814 224 888 a)
248 808 419 891 „domum‚
451 806 485 868 in
516 800 612 869 aedes
643 803 767 890 alcjus“
798 804 959 888 significat
987 796 1027 877 όός
1055 828 1128 871 τινα
1149 805 1228 872 Ach.
1251 803 1325 875 394.

192 910 233 979 V.
257 906 350 977 1042.
373 908 412 975 Ε.
436 901 508 973 933.
532 901 625 973 1005.
650 902 743 975 1013.
769 903 861 973 1028.
887 902 981 976 1084.
1005 902 1097 975 1098.
1127 907 1175 975 Pl.
1199 902 1249 975 89.
1273 903 1325 974 97.

192 1006 266 1079 404.
289 1004 477 1079 495.1201.
501 1001 603 1088 1203,
632 1030 685 1094 ap.
714 1031 766 1072 vv.
789 1007 922 1073 εἰσιέναι
951 1009 989 1075 Ε.
1013 1004 1086 1076 925.
1120 1009 1326 1093 εἰσέρχεσθαι

191 1113 240 1181 ΡΙ.
252 1108 327 1194 237,
350 1104 415 1177 242
436 1109 555 1196 quibus
578 1108 705 1175 duobus
727 1108 807 1174 locis
829 1109 891 1174 sibi
907 1110 1176 1196 respondentibus
1198 1106 1253 1200 (ήν
1266 1116 1326 1196 μὲν

192 1209 254 1300 γὰρ
278 1211 325 1286 ὥς
345 1205 545 1299 φειδωλόν
568 1203 726 1277 εἰσελθών
746 1210 829 1291 τύχω
853 1249 890 1258 -
918 1203 957 1298 ήν
978 1210 1008 1277 δ’
1022 1209 1069 1282 ὥς
1092 1212 1326 1302 παραπλῆγ’

192 1312 372 1403 ἄνθρωπον
394 1306 551 1379 εἰσελθὼν
577 1312 677 1396 αὖχαι)
706 1315 802 1378 unice
834 1321 919 1377 recte
948 1315 1106 1379 sehabet
1133 1312 1198 1396 ὥς,
1234 1316 1324 1381 nullo

191 1418 290 1484 modo
311 1417 390 1481 ferri
412 1423 518 1502 potest
540 1413 576 1480 εἰ
581 1437 597 1487 ς
619 1410 693 1502 [237
715 1414 862 1502 plerique
885 1414 961 1479 libri
984 1416 1042 1496 εἰς,
1064 1416 1113 1484 ed.
1128 1417 1217 1487 Junt.
1242 1415 1326 1485 1525

193 1518 245 1603 οἷς,
263 1514 328 1586 242
352 1516 500 1604 plerique
522 1517 605 1600 libri,
629 1520 725 1581 etiam
746 1517 839 1598 Van,
863 1525 893 1581 et
914 1517 990 1587 Ald.
1006 1517 1067 1599 εἷς,
1092 1519 1131 1587 R.
1144 1519 1218 1588 Vat.
1230 1522 1326 1606 pauci

192 1622 248 1688 alii
270 1618 342 1708 aial,
376 1619 498 1707 quippe
527 1617 614 1706 quod
637 1618 698 1683 hcc
727 1618 894 1684 intellectu
923 1620 965 1684 ab
991 1621 1105 1685 Atticis
1133 1623 1178 1686 ita
1201 1629 1325 1687 tantum

193 1724 396 1800 admittatur,
430 1730 466 1786 ut
493 1722 621 1786 nomine
644 1742 802 1806 personae
826 1743 907 1786 unus
939 1731 1044 1787 certus
1069 1722 1200 1808 quidam
1222 1723 1324 1806 locus,

193 1826 263 1891 fere
292 1823 461 1911 publicus,
492 1822 706 1908 significetur:
738 1823 777 1890 of.
803 1823 862 1890 Av.
886 1819 965 1890 619:
999 1819 1076 1889 κούκ
1104 1824 1150 1896 εἰς
1178 1823 1326 1910 Δελφοὺς

194 1921 264 1994 οὐδ’
287 1924 345 1998 εἰς
362 1919 534 2008 Ἄμμων’
551 1921 705 1997 ἐλθόντες
725 1921 810 1990 ἐκεῖ
829 1926 975 2007 θύσομεν
995 1927 1050 2006 „in
1064 1927 1220 2012 templum
1234 1926 1326 1992 Jovis

192 2028 386 2094 Ammonis“
409 2025 476 2116 [ubi
492 2028 561 2092 sine
576 2048 673 2092 eausa
689 2024 944 2113 descripserunt
959 2027 1202 2116 Mein.Kock.].
1222 2029 1324 2094 Thuc.

192 2126 312 2211 1113,
343 2127 380 2195 6:
409 2126 441 2200 ἐς
460 2122 521 2193 τὸν
542 2128 717 2194 Μολόεντα
739 2125 876 2215 ε’ξήλθον
906 2130 961 2211 „in
984 2131 1141 2217 templum
1164 2131 1325 2216 Apollinis

192 2232 395 2299 Maloentis“.
436 2228 494 2297 IV.
528 2225 587 2313 67,
620 2227 658 2295 2:
680 2227 876 2316 ἐνήδρευσαν
917 2228 949 2304 ἐς
982 2226 1039 2298 τόν
1070 2230 1230 2299 Ἐνυάλιον
1271 2235 1325 2317 „in

193 2333 351 2421 templum
371 2332 517 2402 Martis“.
552 2331 577 2400 Ι.
598 2329 677 2413 137,
700 2328 737 2401 3:
760 2330 921 2416 ἐσπέμπει
948 2334 1117 2419 γράμματα
1139 2331 1172 2406 ἒς
1192 2335 1326 2418 βασιλέα

193 2438 250 2521 „in
275 2435 371 2501 aedes
393 2435 509 2519 regis“.
537 2432 585 2502 Of.
602 2434 706 2520 Kriig.
725 2434 751 2501 I.
764 2430 815 2502 68.
832 2432 883 2503 21.
899 2458 931 2501 n.
947 2432 968 2500 3
989 2437 1058 2522 (qui
1081 2445 1189 2500 tamen
1211 2438 1327 2523 injuria

192 2539 259 2602 hue
286 2536 385 2602 refert
410 2536 450 2604 E.
471 2530 536 2602 673
565 2558 651 2622 sqq:
686 2533 724 2601 τὸ
759 2532 818 2621 γὰρ
849 2532 931 2602 ἄσιν
955 2538 961 2623 Ι
988 2542 1065 2620 μίαν
1093 2538 1217 2624 οἴκησίν
1244 2561 1327 2626 φημι

193 2638 346 2727 ποιήσειν
369 2634 539 2725 συρρήξασ’
561 2636 606 2710 εἰς
632 2634 666 2703 ἓν
688 2634 817 2704 ἅπαντα
836 2641 841 2720 Ι
861 2636 947 2705 ὥστε
974 2640 1112 2723 βαδίζειν
1134 2638 1172 2704 εἷ
1176 2661 1190 2711 ς
1212 2632 1327 2726 ἀλλή-

192 2743 305 2824 λους,
347 2740 403 2805 ubi
430 2742 537 2827 potius
577 2738 633 2814 εἰς
662 2732 842 2826 ἀλλήλων
874 2740 969 2808 scrib.
996 2751 1044 2808 est
1073 2765 1115 2806 ex
1145 2758 1204 2808 em.
1227 2741 1325 2809 Dind.

192 2842 360 2908 Meinekio
380 2841 533 2928 probata:
553 2850 609 2924 „ut
629 2841 726 2906 liceat
740 2842 795 2906 alii
814 2842 848 2904 in
864 2842 949 2907 alius
971 2843 1080 2906 sedem
1103 2866 1137 2908 se
1158 2843 1327 2909 conferre“

192 2947 216 3013 i.
232 2966 259 3012 e.
274 2943 387 3028 „sedes
407 2966 451 3009 ex
470 2943 601 3009 arbitrio
623 2947 827 3030 permutare“
850 2983 891 2992 --
908 2945 979 3030 jam
1003 2947 1088 3008 enim
1111 2967 1239 3027 omnes,
1264 2968 1328 3031 qua

192 3047 355 3111 bonorum
379 3044 550 3110 mulierum
573 3043 750 3110 liberorum
780 3053 913 3111 utuntur
941 3045 1180 3127 communione,
1215 3045 1327 3110 eadem

193 3149 290 3213 unius
312 3149 491 3212 communis
515 3145 668 3212 domicilii
691 3147 901 3234 aequabiliter
922 3147 1093 3232 participes
1117 3149 1270 3230 sentite,
1293 3155 1327 3211 ut

193 3250 318 3315 nemini
341 3258 445 3315 certus
467 3251 507 3314 sit
522 3248 636 3334 locus).
653 3287 691 3295 -
715 3248 839 3313 Eadem
864 3250 987 3312 ratione
1006 3243 1053 3319 ὥς
1074 3244 1138 3314 τὸν
1159 3246 1257 3313 θεόν
1279 3248 1328 3312 ΡΙ.

192 3348 239 3419 32
266 3346 523 3440 (ἐπερησόμενος
553 3336 608 3416 οὖν
637 3347 771 3436 ᾠχόμην
802 3345 843 3422 ὥς
872 3343 927 3415 τόν
958 3347 1055 3434 θεόν)
1090 3350 1249 3435 significat
1274 3353 1327 3434 „in

193 3453 355 3540 templum
379 3453 453 3518 dei“
477 3452 536 3537 (sc.
558 3451 737 3538 Apollinis3
768 3452 809 3519 cf.
831 3450 870 3516 41
893 3449 1016 3537 ἐξιών)ε
1039 3453 1121 3517 solet
1142 3460 1248 3517 tamen
1270 3453 1327 3520 Ar.

193 3555 259 3621 hoe
286 3554 393 3621 dicere
415 3548 518 3640 πρός
537 3550 597 3620 τὸν
619 3551 720 3620 dedu:
752 3554 792 3622 cf.
818 3553 867 3623 Pl.
891 3549 972 3621 653:
1004 3550 1190 3637 ἀφικόμεθα
1217 3579 1275 3640 πρ.
1298 3581 1327 3621 τ.

192 3659 280 3725 θεόν
307 3659 366 3740 (=
389 3655 435 3729 εἷς
462 3651 661 3742 Ἀσκληπιοῦ
692 3678 735 3724 sc.
758 3655 846 3741 ἱερόν
868 3652 941 3723 621.
963 3653 1035 3724 411.
1063 3657 1103 3725 V.
1128 3653 1213 3741 124).
1247 3653 1325 3726 823:

192 3752 537 3845 apudcivitatem.
567 3752 646 3825 82λε
677 3782 734 3843 πρ,
758 3783 784 3824 ι.
806 3755 887 3824 θεὸν
908 3751 982 3846 ήκω,
1014 3753 1094 3824 849ι
1116 3781 1171 3842 πρ.
1196 3784 1223 3826 ι.
1246 3752 1328 3823 θεὸν

191 3858 456 3948 προσευξόμενος
482 3856 547 3946 ήκω
569 3899 610 3908 -
633 3858 757 3928 ἐνθαδί.
785 3856 866 3930 8443
893 3853 981 3925 ταῦτ’
1001 3855 1174 3944 ἀναθήσων
1195 3859 1328 3946 ἔρχομαι

191 3988 253 4050 πρ.
275 3989 303 4031 π.
326 3960 408 4029 θεόν
431 3955 487 4057 (ef.
510 3957 574 4029 959
596 3984 644 4048 sq.
670 3958 777 4045 1196).
807 3963 845 4028 R.
867 3957 946 4031 400:
977 3960 1071 4047 δεῦρο
1096 3962 1328 4028 συνακολούθει

192 4091 252 4152 πρ.
283 4058 343 4152 τήν
359 4061 452 4132 ,θεόν
480 4065 551 4149 („in
581 4064 738 4150 templum
768 4064 848 4129 deae
871 4062 1044 4147 Cereris“).
1086 4063 1198 4150 ltaque
1230 4067 1326 4130 etiam

193 4168 254 4235 illo
277 4168 351 4233 loco
374 4165 438 4254 (Pl.
458 4161 514 4252 32)
544 4167 724 4253 scripserim
746 4161 877 4255 ᾠχόμην
898 4163 1002 4251 πρὸς
1023 4158 1083 4231 τόν
1104 4163 1203 4248 θεόν,
1236 4189 1327 4253 prae-

193 4272 310 4336 sertim
339 4290 440 4357 quum
468 4268 532 4334 hoc
560 4272 665 4356 ipsum
694 4268 850 4355 praebeat
879 4268 950 4333 cod.
973 4269 1071 4350 Rav.;
1105 4289 1210 4355 neque
1239 4271 1325 4333 enim

194 4372 392 4439 crediderim
413 4371 499 4460 πρός
521 4393 565 4437 ex
586 4372 849 4458 interpretatione
870 4372 1045 4458 irrepsisse.

1077 4491 1121 4561 .ὃῦ
