3120 5152
637 411 697 480 141

98 596 214 686 ῥᾳδίως
233 597 358 684 φεύγων
385 595 427 667 ἄν
447 595 608 687 ἀποφύγοι
627 603 717 687 δίκην
747 596 836 674 ὅστις
858 602 960 667 δίοιδε
984 598 1151 689 τοῦντερον
1171 603 1227 692 τῆς

99 699 246 785 ἐμπίδος.
279 701 352 767 Jam
372 703 450 791 quid
473 703 560 769 aliud
579 703 648 769 fieri
665 725 831 768 censemus
847 726 943 790 quam
966 713 1002 771 ut
1017 704 1177 791 extemplo
1194 707 1226 770 in

96 803 300 891 disciplinam
311 804 449 872 Socratis
468 807 566 892 recipi
585 804 717 893 cupiat?
736 806 788 871 vel
808 814 893 871 certe
908 812 943 870 ut
958 806 1144 893 discipulus,
1162 829 1225 894 quo

98 909 194 972 etiam
211 909 313 993 magis
335 907 579 974 admirationem
603 909 671 996 ejus
687 916 816 992 augeat,
841 906 930 972 alind
945 907 1108 994 quoddam
1129 911 1225 974 etiam

96 1011 294 1094 ingeniosius
310 1010 410 1076 addat
425 1009 663 1076 commentum?
694 1013 739 1075 At
753 1009 848 1096 longe
863 1010 955 1076 aliter
970 1009 1115 1097 procedit
1129 1009 1226 1075 collo-

98 1113 220 1198 quium.
258 1113 447 1199 Discipulos
472 1136 571 1200 quum
594 1112 690 1176 modo
713 1120 748 1178 ut
769 1134 828 1199 par
851 1123 919 1178 erat
941 1112 1159 1199 Strepsiadem
1183 1113 1223 1176 ad

96 1214 343 1280 admirationem
374 1217 518 1301 magistri
541 1213 764 1298 inflammarit,
795 1217 864 1302 jam
894 1217 993 1280 risum
1022 1217 1089 1302 ejus
1119 1223 1226 1279 movet

96 1339 232 1382 narrans
247 1340 351 1404 nuper
373 1316 541 1382 sublimem
565 1319 790 1403 cogitationem
806 1317 959 1405 (γνώμην)
976 1316 1139 1404 abreptam
1156 1338 1225 1382 esse

97 1419 221 1485 Socrati
238 1442 257 1485 a
275 1417 440 1503 stellione,
463 1421 516 1506 qui
536 1419 611 1484 dum
634 1419 690 1485 ille
706 1428 803 1484 noctu
827 1421 1028 1505 investigarit
1044 1418 1141 1484 lunae
1156 1420 1224 1485 vias

97 1532 129 1587 et
150 1523 376 1589 conversiones
398 1544 589 1609 sursumque
611 1524 764 1610 spectarit
780 1545 834 1588 ore
849 1522 960 1600 hianti,
984 1521 1126 1587 detecto
1151 1544 1223 1586 eum

97 1624 330 1691 concacaverit.
384 1623 550 1712 (Ceterum
579 1648 684 1713 neque
716 1625 873 1712 ejusmodi
904 1647 1010 1690 rerum
1040 1624 1223 1689 caelestium

95 1727 324 1814 pervestigatio
361 1735 445 1791 recte
479 1723 585 1814 γνώμη
619 1726 685 1791 dici
724 1737 830 1814 potest
869 1750 976 1815 neque
1011 1726 1114 1791 stellio
1151 1748 1223 1791 eam

96 1822 228 1916 ἀφαιρεῖ
249 1827 335 1917 [nam
352 1830 438 1915 quod
454 1831 525 1916 quis
541 1825 676 1916 ἀφαιρεῖ
682 1831 753 1917 jam
768 1832 838 1917 ipse
854 1829 1022 1917 possidet],
1044 1827 1101 1893 sed
1114 1829 1222 1915 potius

95 1929 209 2000 κωλύει
230 1929 338 2012 ἐπέχει
360 1933 600 2019 „interrumpit‚
626 1932 844 2020 interpellat“‚
868 1932 955 2019 quod
976 1956 1008 2002 v.
1025 1927 1085 1998 137
1108 1940 1140 1996 et
1161 1927 1224 1998 139

96 2031 466 2118 ἁίοἰιοοέξαμβλίσκειν).
495 2032 624 2098 Gaudet
635 2033 837 2121 Strepsiades
851 2032 942 2114 (1742
964 2031 1071 2121 ’ἥσθην
1083 2033 1223 2122 γαλεώτῃ

96 2143 324 2217 κοτασχέσαντι
350 2137 556 2222 Σωκράτους),
581 2137 756 2224 discipulus
780 2147 886 2204 autem
906 2159 948 2201 ne
969 2136 1070 2201 verbo
1093 2136 1223 2222 quidem

98 2262 168 2306 eum
189 2242 342 2324 increpat,
366 2239 452 2325 quod
469 2238 634 2304 Socratem
651 2240 839 2326 magistrum
860 2239 1015 2317 derideat,
1037 2238 1093 2304 sed
1116 2239 1221 2325 potius

97 2342 148 2409 vel
182 2365 220 2407 eo
252 2340 439 2419 descendit,
469 2349 505 2404 ut
535 2352 642 2406 narret
676 2364 740 2428 qua
773 2341 908 2407 subdola
939 2343 1063 2407 ratione
1097 2343 1222 2428 vesperi

94 2445 235 2530 proximi
264 2443 326 2508 diei
355 2443 503 2509 Socrates
534 2444 595 2508 sibi
624 2445 685 2530 ipsi
715 2444 944 2532 discipulisque
975 2466 1108 2509 coenam
1139 2465 1222 2508 com-

93 2548 224 2632 pararit.
268 2545 342 2611 Jam
366 2547 427 2611 hoc
448 2559 664 2612 commentum
687 2547 783 2612 facile
804 2557 892 2635 patet
914 2569 1045 2635 prorsus
1066 2546 1145 2610 nihil
1169 2569 1222 2612 va·

93 2649 162 2713 lere
183 2649 225 2714 ad
247 2671 299 2713 res
324 2648 529 2735 Strepsiadis:
552 2671 659 2736 neque
681 2652 766 2713 enim
790 2661 875 2717 recte
897 2652 975 2715 dicit
995 2649 1101 2716 Kock.
1126 2649 1168 2714 ad
1190 2673 1221 2717 v.

94 2747 174 2822 176:
201 2749 340 2838 „Strepa
364 2751 432 2816 will
453 2752 511 2816 das
531 2752 735 2817 Kunststiick
755 2752 812 2818 des
834 2753 923 2822 Socr.
943 2752 1068 2818 schnell
1091 2751 1221 2817 kennen

93 2853 217 2936 lernen,
228 2853 301 2918 weil
316 2877 351 2919 er
363 2864 458 2920 etwas
473 2853 669 2918 Aehnliches
682 2855 763 2919 auch
779 2855 831 2920 fiir
844 2858 934 2921 seina
946 2855 1037 2941 Lago
1051 2855 1222 2920 braucht“:

93 2955 311 3043 Strepsiadem
341 2958 449 3042 inopia
473 2956 616 3021 ciborum
645 2958 789 3022 nondum
809 2961 912 3045 premi
937 2959 1053 3022 docent
1075 2981 1127 3025 vv.
1148 2953 1220 3024 190.

95 3057 179 3126 1146
203 3082 249 3146 sq.
274 3055 375 3146 (669).
402 3056 493 3127 1212.
517 3056 624 3142 ·1354;
655 3060 761 3144 agitur
784 3063 813 3124 ei
836 3060 961 3125 nonde
985 3060 1220 3146 comparandis,

93 3162 150 3228 sed
173 3162 213 3227 de
237 3161 403 3227 servandis
425 3164 531 3247 potius
552 3154 696 3247 ἀλφίτοις
720 3161 867 3250 (cf.1‹,6:
891 3163 926 3229 εἴ
935 3161 1069 3249 τικήδει
1082 3164 1148 3228 τῶν
1162 3184 1220 3228 πο-

90 3260 204 3352 τρῴων
217 3259 388 3348 ἀλφίτων),
412 3262 532 3349 quade
554 3286 652 3329 causa
667 3267 736 3351 jam
757 3265 897 3330 Socratis
919 3264 1121 3352 disciplinam
1143 3266 1222 3351 petit

91 3375 128 3432 ut
149 3366 253 3432 discat
271 3369 350 3452 περὶ
371 3367 434 3432 τῶν
456 3362 560 3432 τόκων
583 3362 674 3440 ὅπως
696 3359 736 3433 ἂν
758 3361 872 3454 ἀποδῷ
894 3369 1009 3454 μηδενί
1030 3364 1132 3455 (139).
1158 3370 1219 3433 lta·

94 3491 157 3555 que
185 3471 213 3533 si
238 3468 271 3540 h.
292 3469 312 3533 l.
338 3471 408 3556 jam
438 3469 593 3554 cogitaret
623 3468 663 3534 de
694 3492 794 3536 coena
827 3469 962 3535 subdole
993 3470 1218 3557 comparanda,

10 3580 12 3587 ’
92 3571 260 3636 manifesto
279 3573 466 3659 desperaret
486 3570 526 3635 de
542 3572 683 3638 Socratis
706 3569 894 3660 disciplina,
908 3576 959 3637 cui
981 3583 1087 3638 tamen
1110 3583 1220 3660 aperte

92 3673 303 3738 adversantur
332 3696 414 3760 quae
443 3695 569 3738 summa
590 3675 784 3740 confidentia
805 3675 901 3742 modo
931 3677 1014 3741 dixit
1035 3697 1065 3741 v.
1090 3673 1149 3742 ltu
1171 3698 1219 3762 sq.

91 3775 309 3841 Nihilominus
325 3777 387 3844 Str.
405 3777 466 3840 hoc
488 3787 667 3843 commento
689 3779 832 3844 Socratis
855 3800 986 3864 prorsus
1005 3777 1086 3841 nihil
1109 3777 1151 3843 ad
1172 3780 1218 3864 ip-

91 3881 159 3945 sius
181 3902 233 3945 res
262 3879 390 3945 valente
411 3879 492 3944 adeo
515 3890 752 3964 commovetur,
778 3890 814 3946 ut
837 3883 990 3946 acerrime
1012 3882 1107 3945 instet
1128 3880 1219 3944 disci-

90 3980 169 4068 pulo
200 3990 237 4046 ut
265 3982 407 4047 scholam
438 3982 501 4047 sibi
529 3986 653 4069 aperiat
685 3995 716 4049 et
739 3984 902 4049 Socratem
933 3986 1040 4069 ipsum
1071 3982 1219 4047 ostendat

90 4079 165 4162 (181
189 4107 277 4171 sqq:
300 4081 399 4167 ἄνοιγ’
413 4077 511 4166 ἄνοιγ’
526 4082 645 4157 ἀνύσας
666 4083 703 4151 τὸ
725 4084 973 4172 φροντιστήριον
992 4085 1089 4171 said:
1112 4107 1218 4150 nonne

89 4188 196 4273 quivis
211 4187 361 4272 intelligit
381 4189 459 4252 haec
481 4209 546 4251 non
561 4187 668 4253 locum
688 4189 806 4253 habere
828 4190 889 4252 nisi
910 4198 983 4274 post
1003 4212 1034 4257 v.
1051 4184 1114 4253 166
1137 4211 1216 4274 sqq,

88 4289 145 4355 ubi
168 4289 232 4358 Str.
253 4313 295 4354 ex
316 4292 360 4356 eis
382 4314 465 4377 quae
488 4293 631 4356 narravit
650 4291 844 4377 discipulus,
873 4294 1039 4378 perspexit
1062 4301 1217 4378 quantum

88 4392 230 4458 fructum
259 4395 329 4480 ipse
352 4417 369 4458 e
390 4394 530 4460 Socratis
557 4393 724 4480 disciplina
744 4398 910 4479 percipere
940 4395 1062 4481 possit?
1104 4394 1216 4481 Itaque
