3120 5152
649 391 691 465 87

104 579 208 652 αὐτῶν
230 579 349 671 ἀκούσῃ
371 583 424 670 (R.
446 582 517 666 ἰών,
540 585 577 653 B.
600 582 656 650 ἰών
680 586 896 672 suprascripto
917 584 978 669 εἰς,
1001 587 1040 656 Α.
1065 587 1102 656 0.
1125 587 1165 656 V.
1194 594 1230 658 Γ.

101 692 147 756 Δ.
177 691 215 754 Θ.
238 683 361 754 eiusde:
390 685 477 772 quod
491 686 673 753 ‘manifesto
702 686 827 773 irrepsit
856 710 898 752 ex
928 689 1231 776 interpretamento),

101 790 280 876 Hirschigii
301 789 341 854 V.
360 791 458 857 1088
482 791 695 876 conjicientis:
721 784 776 857 εἶτ’
798 787 1090 873 ε’σεπτόμεσθα
1111 795 1230 859 θυννά-

102 895 213 970 ζοντες
239 890 272 968 ἒς
300 889 372 964 τοὺς
399 890 558 964 θυλάκους
586 891 636 973 (R.
660 886 727 958 εἶτα
755 894 785 957 δ’
806 890 1009 978 εἱπόμεσθα,
1045 894 1083 963 V.
1103 888 1172 962 εἶτα
1201 892 1230 961 θ’

102 993 297 1089 ἑπόμεσθα,
319 988 479 1062 6611.εἶτα
501 996 529 1060 δ’
552 994 761 1082 ἑσπόμεσθα)
788 1035 826 1042 -
848 994 1038 1064 εἰσέπτετο
1056 997 1146 1064 vides
1168 1001 1229 1068 Au.

103 1101 204 1179 1173;
228 1107 352 1184 poterat
372 1106 457 1163 certe
480 1094 733 1181 ἐπεπτόμεσθα
756 1097 809 1178 (61.
826 1097 953 1168 Αν.48.
971 1101 1046 1186 118)
1070 1138 1121 1184 -,
1144 1100 1230 1166 deni-

102 1223 167 1287 que
195 1200 350 1265 Meinekii
381 1199 493 1280 (Vind.
514 1223 545 1286 p.
571 1204 623 1284 12)
654 1201 747 1271 Ach.
770 1202 842 1271 685
865 1200 992 1288 ἕαντρῖ
1015 1204 1101 1289 quod
1132 1225 1228 1269 sensu

101 1312 192 1368 caret
213 1304 247 1367 in
269 1300 409 1391 ε’σᾴττων
433 1309 518 1383 (ante
542 1325 615 1368 eum
628 1302 768 1370 Hamak.
784 1298 926 1396 ἐσᾲττετ)
950 1304 1137 1370 mutandum
1158 1327 1227 1371 esse

101 1408 278 1490 censentis,
307 1429 368 1492 quo
398 1405 469 1471 loco
498 1405 538 1471 ab
562 1405 790 1493 interpretibus
814 1407 989 1471 miserrime
1017 1415 1151 1473 tractato
1172 1407 1228 1493 (de

102 1529 168 1595 quo
192 1508 327 1574 fortasse
349 1508 413 1574 alio
429 1508 451 1576 l.
467 1510 647 1574 accuratius
663 1508 829 1594 disputare
850 1507 973 1593 licebit)
992 1510 1097 1595 potius
1113 1507 1228 1597 ἒπᾲτ-

99 1612 380 1698 conscripserim
403 1612 441 1680 cl.
464 1611 544 1679 Ach.
571 1615 649 1679 1171
676 1607 867 1698 (εἰσᾴττειν
890 1610 1105 1698 „irrumpere“
1136 1611 1228 1679 vides

32 1710 36 1715 ’
99 1711 141 1780 Ν.
164 1714 238 1782 543.
263 1709 351 1807 996).
1176 1771 1178 1775 .

187 1815 260 1881 Jam
277 1839 377 1903 quum
392 1816 645 1882 demonstratum
660 1816 700 1881 sit
715 1816 769 1886 Ar.
784 1824 858 1880 ante
876 1836 958 1885 voc.
980 1811 1017 1888 ἐς
1039 1817 1226 1883 consulto

98 1918 222 2002 fugisse
244 1927 276 1983 et
296 1919 539 2007 sempersion
565 1918 685 1984 dixisse
706 1918 759 1999 (cf.
782 1921 879 1984 etiam
900 1918 1014 1990 Elmsl.
1036 1918 1117 1989 Mus.
1143 1917 1228 1984 Oan-

99 2020 183 2086 tabr.
205 2022 232 2088 I.
258 2026 328 2091 180.
352 2022 394 2086 ad
416 2022 498 2090 Med.
528 2025 580 2090 88.
610 2021 753 2087 Ellendt.
772 2021 835 2090 lex.
859 2020 956 2109 Soph.
980 2027 1005 2089 I.
1026 2024 1099 2092 453.
1130 2024 1225 2091 Mein.

99 2123 242 2211 Vindp.
255 2125 310 2210 67)
333 2147 400 2189 non
422 2147 553 2210 possum
575 2147 641 2189 non
664 2125 845 2190 consentire
869 2146 941 2189 cum
961 2124 1160 2191 Weckleinio
1175 2126 1227 2189 cui

100 2227 122 2296 l.
134 2248 161 2298 c.
177 2236 428 2293 consentaneum
444 2228 572 2294 videtur
587 2235 715 2314 poetam
731 2229 826 2293 etiam
844 2237 919 2292 ante
934 2250 1040 2294 cons.
1052 2229 1227 2315 plerum-

99 2351 180 2417 que
197 2329 254 2402 εἰς
280 2352 469 2418 usurpasse,
500 2353 599 2418 quum
622 2329 789 2418 probabile
811 2332 853 2396 sit
878 2331 1056 2417 tragicos
1078 2327 1117 2402 ἐς
1136 2352 1226 2416 prae-

99 2431 187 2497 ferre
208 2433 317 2499 solitos
339 2455 425 2511 esse,
449 2434 535 2521 quod
558 2442 588 2499 et
609 2433 650 2499 ad
671 2433 874 2498 urbaniorem
896 2441 927 2497 et
947 2432 988 2498 ad
1011 2433 1225 2519 antiquiorem

59 2602 61 2609 ,
97 2558 193 2600 usum
212 2537 404 2622 pertinuisse
427 2537 584 2606 videatur.
620 2536 758 2601 Omnino
782 2545 888 2601 autem
911 2535 1104 2629 crebriorem
1126 2538 1225 2602 fuisse

98 2638 188 2724 apud
210 2635 332 2705 Atticos
354 2638 477 2704 formae
498 2639 554 2712 εἰς
582 2661 675 2704 usum
698 2638 773 2703 inde
796 2638 904 2724 colligi
931 2646 1051 2725 potest,
1081 2639 1168 2727 quod
1191 2641 1225 2705 in

97 2743 194 2807 certis
218 2741 410 2828 quibusdam
433 2741 646 2808 locutionibus
669 2739 716 2828 (ἐς
737 2742 891 2826 κόρακας,
923 2741 955 2815 ἐς
974 2745 1145 2828 μακαρίαν)
1169 2742 1223 2808 de-

99 2853 255 2910 curtatam
277 2845 412 2911 formam
435 2843 453 2911 ἕ
460 2869 475 2918 ς
496 2845 719 2930 legitimam
741 2845 839 2910 fuisse
862 2836 979 2911 diserte
1001 2845 1224 2910 testaturHel·

97 2946 202 3013 ladius
225 2949 258 3012 in
277 2946 368 3017 Phot.
382 2947 461 3014 bibl.
485 2951 565 3030 535,
588 2952 625 3030 6,
647 2952 666 3015 2
688 2985 729 2995 -
754 2969 848 3035 quem
870 2970 964 3012 usum
986 2947 1182 3032 (neglectum
1204 2970 1224 3013 a

96 3049 229 3116 Kockio
258 3051 291 3115 in
320 3049 394 3120 adn.
417 3051 458 3116 ad
480 3052 540 3119 Av.
563 3053 616 3131 28)
645 3052 756 3136 optimi
787 3051 841 3119 Ar.
865 3050 958 3117 codd.
980 3073 1054 3115 cum
1083 3049 1148 3116 fide
1171 3073 1223 3116 ex-

96 3152 226 3223 hibent:
249 3149 282 3226 ἕς
302 3151 453 3238 κόρακαςε
477 3155 557 3223 Ach.
581 3157 652 3224 884.
685 3153 746 3241 Eq.
769 3157 843 3226 892.
868 3156 961 3222 1314.
989 3153 1027 3221 N.
1054 3158 1124 3224 123.
1151 3159 1223 3224 133.

96 3261 170 3326 646.
193 3259 265 3324 789.
288 3259 361 3324 871.
382 3256 424 3321 V.
447 3259 499 3324 51.
518 3260 590 3326 458.
617 3260 689 3327 835.
714 3259 775 3325 852
799 3255 867 3345 [εἰς
888 3255 991 3345 Raul.
1014 3259 1086 3324 982.
1111 3256 1147 3322 Ρ.
1171 3261 1222 3327 19.

98 3363 170 3432 117.
186 3363 260 3428 500.
277 3361 368 3427 1221.
390 3359 451 3427 Av.
467 3363 518 3428 28.
543 3362 614 3431 889.
638 3364 711 3430 990.
734 3360 794 3428 Th.
814 3363 894 3428 1079
918 3358 978 3430 bis.
1001 3361 1041 3430 R.
1061 3363 1132 3431 187.
1150 3362 1221 3433 189.

96 3464 170 3531 607.
193 3460 242 3532 Pl.
259 3462 331 3531 394.
354 3465 426 3531 604.
447 3466 519 3532 782.
540 3463 599 3548 frg.
616 3466 666 3531 80.
690 3465 752 3531 512
774 3462 826 3543 (ef.
849 3463 942 3528 Pher.
958 3465 1009 3531 68.
1034 3464 1158 3552 Amips.
1170 3467 1223 3533 23.

94 3564 233 3650 Nicoph.
257 3570 287 3633 2.
312 3565 441 3651 Antiph.
464 3567 534 3634 195.
557 3565 688 3630 Alexid.
713 3567 764 3635 93.
786 3571 869 3633 Men.
890 3568 961 3636 864.
984 3567 1161 3654 Hipparch.
1178 3569 1221 3654 1).

94 3665 133 3740 ἐς
156 3672 355 3753 μακαρίαν
379 3668 528 3755 (ἄπαγε).·
551 3674 610 3755 Eq.
628 3671 705 3736 1151
734 3667 841 3757 [super
863 3666 904 3740 ἐς
925 3669 1051 3756 scripsit
1066 3670 1100 3733 in
1117 3675 1220 3736 Tseo.

95 3793 143 3858 γρ.
167 3772 219 3836 καὶ
239 3770 295 3860 εἰς]
318 3771 373 3858 (cf.
397 3772 527 3858 Antiph.
551 3775 624 3841 234.
648 3811 688 3821 -
717 3773 773 3838 Ar.
796 3770 834 3836 R.
857 3773 915 3839 85:
942 3768 979 3845 ἐς
1000 3771 1150 3858 μακάρων
1172 3766 1220 3841 εὗ-

96 3873 226 3960 ωχίαν);
250 3872 323 3942 add.
347 3871 386 3947 ἒς
408 3875 585 3962 κεφαλὴν
607 3878 716 3959 (σομε
739 3873 819 3942 Ach.
836 3877 908 3944 833.
930 3873 969 3942 N.
984 3877 1035 3942 40.
1064 3875 1100 3943 P.
1132 3878 1220 3946 1063.

93 3976 144 4042 Pl.
165 3979 239 4046 526.
263 3979 334 4047 650.
358 3981 418 4047 651
445 3977 499 4065 (ef.
523 3979 618 4043 etiam
636 3977 754 4062 Reisig.
777 3975 870 4063 Conj.
891 4001 923 4064 p.
947 3978 1031 4059 252).

10 4143 12 4149 .
142 4137 147 4144 .
180 4081 333 4168 Denique
355 4103 471 4146 moneo
494 4081 700 4147 falsissimum
724 4103 793 4146 esse
818 4080 905 4168 quod
925 4081 1077 4150 Fritzsch.
1095 4080 1136 4145 ad
1157 4081 1219 4150 Th.

94 4185 159 4255 657
183 4183 364 4268 contendit,
386 4207 485 4271 quum
507 4186 562 4272 qui
586 4193 659 4272 post
680 4183 884 4250 Aristotelem
906 4185 1047 4249 vixerint
1068 4184 1113 4257 εἰς
1136 4193 1168 4250 et
1188 4183 1219 4258 ἐς

94 4288 127 4352 in
152 4289 269 4372 exiguo
292 4290 456 4375 posuerint
482 4289 679 4368 discrimine,
708 4286 964 4353 Menandrum
991 4310 1033 4352 ne
1056 4287 1219 4354 dubitasse

95 4391 223 4482 quidem
246 4414 401 4481 umquam
423 4400 529 4460 utrum
549 4391 594 4466 εἰς
616 4415 659 4460 an
682 4387 715 4464 ἐς
736 4399 898 4482 praestare
925 4393 1090 4469 videatur,
1120 4416 1219 4490 quara
