3104 5466
727 360 788 431 151

192 573 269 618 vero
291 572 397 638 neque
419 550 505 636 apud
528 551 584 619 Ar.
604 572 711 638 neque
735 559 892 636 quantum
915 551 980 614 ecio
1004 571 1057 636 ap.
1079 550 1175 621 Hom.
1190 559 1324 617 eeteros-

193 676 258 740 que
273 654 400 738 epicos,
423 653 479 740 qui
500 675 596 738 saepe
615 656 667 738 τίη
690 650 856 731 dixerunt,
878 651 970 719 vides
984 648 1052 739 τιὴ
1066 653 1132 738 δή,
1153 652 1241 740 quod
1256 654 1323 740 qui-

192 755 267 820 dem
290 763 374 821 esset
396 757 417 823 i.
442 776 472 841 q.
497 757 538 818 τί
558 751 607 840 δὴ
625 750 683 839 δή.
1492 822 1495 827 ,

278 854 574 942 Av.1618eqq.:
600 853 656 921 ἐάν
678 877 725 927 τις
748 851 933 941 ἀνθρώπων
947 854 1064 941 ἱερεῖόν
1077 879 1122 941 τῳ
1143 857 1232 922 θεῶν
1251 855 1257 939 1
1275 847 1324 921 εὐ-
1347 853 1382 908 89
1472 902 1475 908 ·

191 958 326 1041 ξάμενος
354 953 423 1024 εἶτα
453 958 677 1043 διασοφίζηται
704 958 819 1038 λέγων,
847 957 852 1042 Ι
878 957 1044 1040 μενετοὶ
1063 959 1167 1036 θεοί,
1197 957 1249 1022 καὶ
1266 949 1322 1039 μά-

192 1063 321 1146 ποδιδῷ
342 1063 484 1147 μισητίᾳ.
517 1058 639 1127 Kock.:
662 1056 824 1146 ,,μονετοί]
848 1058 996 1124 sindana
1013 1058 1322 1144 Wartengewtthnt

192 1161 359 1226 ktinnen
382 1170 548 1228 warten.
586 1160 693 1226 Etwas
716 1159 834 1225 andere
849 1154 1082 1228 Thu0.1..142:
1105 1160 1164 1226 τοῦ
1180 1160 1323 1243 πολέμου

191 1262 225 1326 οἱ
237 1263 341 1348 καιροὶ
355 1259 393 1327 οὐ
408 1265 565 1344 μενετοί.“
598 1266 644 1327 At
659 1282 715 1326 cur
730 1282 796 1326 non
811 1283 941 1347 prorsus
960 1262 1071 1327 eadem
1088 1261 1323 1346 significatione
1451 1320 1458 1327 ,

192 1365 295 1449 accipi
317 1373 423 1448 potest
444 1364 476 1431 h.
492 1365 513 1430 l.
529 1363 593 1450 adj.
607 1362 753 1446 μενεοός,
775 1372 810 1427 ut
832 1372 991 1432 vertaturz
1015 1364 1091 1447 „die
1114 1362 1228 1428 Getter
1249 1362 1323 1428 sind

192 1465 378 1550 beetttndig,
407 1465 553 1530 laufen
581 1465 699 1530 nicht
726 1463 855 1531 fort“?
898 1466 1014 1532 Nonne
1040 1465 1199 1531 haecum
1227 1465 1323 1530 inter-

191 1568 370 1653 pretatione
384 1568 483 1631 multo
506 1568 775 1663 magisnconvenit
792 1566 880 1655 quod
901 1567 1063 1632 antecedit
1084 1568 1322 1654 διασοφίζη-

191 1690 258 1733 ται
285 1669 382 1750 λέγων
405 1669 461 1752 (=
492 1670 633 1754 διαπαιᾷ
661 1673 854 1754 σοφίσμασιν
883 1669 945 1734 Bk.
967 1668 1086 1738 Anecd.
1108 1665 1168 1745 36,
1192 1667 1246 1755 113
1281 1667 1320 1737 ef.

190 1771 435 1856 περισοφίζεται
456 1769 516 1839 Av.
538 1766 635 1856 1646)
642 1770 668 1839 P.
