3120 5152
745 405 768 478 7

193 602 271 669 Eur.
299 597 464 687 ἀναβάδην
493 602 668 689 τραγῳδίαν
698 607 792 667 ποιεῖ
816 593 890 676 ἐξὸν
917 597 1098 686 καταβάδην
1129 599 1324 667 intellexerit

194 704 312 767 mirum
334 724 400 768 non
430 701 609 789 essequod
632 702 763 769 claudos
790 703 973 768 introducat
993 703 1027 766 in
1053 702 1225 787 tragoediis
1248 699 1323 787 (οὖκ

193 801 263 879 itte
292 827 377 884 „non
405 814 541 886 temere,
572 826 638 869 non
666 807 735 871 sine
768 828 865 870 causa
896 827 935 871 ao
962 804 1125 869 ratione“:
1158 802 1321 876 Av.·915.

192 908 255 976 m.
274 901 347 973 921.
380 907 417 974 n.
439 904 512 976 245.
545 905 596 974 ri.
622 903 696 976 404.
719 903 812 976 1166.
834 905 895 991 ag.
923 903 994 973 116.
1029 905 1146 976 Philet.
1168 907 1227 975 111.
1248 901 1322 974 293.

192 1009 326 1078 Anaxil.
350 1003 515 1076 tlt-⁹153.-
538 1006 585 1076 Pl.
608 1010 700 1096 Reip.
722 1010 780 1078 llI.
802 1007 875 1077 414.
908 1004 1223 1094 E.V111.’568A),
1251 1011 1322 1096 jam

191 1134 260 1177 non
283 1120 532 1177 consentaneum
552 1118 600 1176 est
623 1133 697 1176 cum
722 1111 841 1178 addere
865 1110 962 1199 „quid
989 1133 1067 1177 vcro
1088 1133 1214 1197 pannos
1244 1112 1322 1177 istos

192 1214 398 1300 etragocdia
424 1212 618 1290 induisti?“,
648 1213 705 1279 sed
729 1217 836 1302 potius
861 1238 901 1280 ex
930 1214 1044 1279 eadem
1074 1237 1138 1300 qua
1160 1215 1321 1301 inpriore

193 1318 356 1382 enuntiato
377 1339 454 1382 usus
473 1324 541 1381 erat
560 1317 805 1382 ratiocinatione
827 1317 912 1400 inde,
936 1315 1023 1403 quod
1044 1315 1120 1381 Eur.
1137 1318 1253 1402 pannis
1276 1317 1321 1380 in·

192 1418 290 1485 dutus
304 1419 504 1504 tragoediam
519 1429 701 1506 componat,
721 1419 899 1505 intelligere
912 1442 984 1484 eum
999 1440 1130 1484 necesse
1145 1427 1193 1484 est
1205 1421 1321 1484 mirum

192 1544 259 1587 non
275 1543 347 1587 esse
368 1520 455 1609 quod
477 1520 532 1586 ille
554 1520 720 1589 mendicos
736 1520 918 1588 introducat
939 1524 973 1586 in
991 1522 1174 1607 tragoediis.
1213 1521 1321 1602 Quum

193 1625 282 1688 enim
296 1622 404 1689 adhuc
417 1626 550 1690 miratus
574 1625 613 1689 sit
626 1623 714 1689 unde
735 1623 793 1689 fiat
813 1634 849 1689 ut
863 1631 939 1689 Bur.
955 1626 989 1688 in
1010 1625 1183 1708 tragoediis
1205 1623 1320 1689 heroas

192 1723 327 1791 claudos
350 1724 503 1791 exhibeat
525 1734 555 1791 et
576 1725 741 1791 mendicos
764 1727 818 1813 (of.
831 1728 866 1796 P.
880 1723 951 1795 146.
973 1727 1011 1794 R.
1026 1723 1098 1794 842.
1122 1721 1230 1814 1063),
1249 1727 1319 1813 jam

192 1849 323 1893 cansam
347 1830 502 1914 perspicit
531 1828 630 1893 latere
653 1829 686 1892 in
710 1830 857 1916 eoquod
881 1826 959 1897 Eur.
981 1829 1014 1891 in
1043 1831 1208 1915 superiore
1230 1837 1320 1915 parte

120 1910 127 1931 ⁸
191 1929 333 2013 aedium,
355 1931 390 1994 in
411 1930 476 1996 alto
501 1931 616 1996 sedens
639 1930 754 2016 (schol.
771 1928 827 1997 ἐπὶ
847 1928 978 2017 ὑψηίοῦ
1001 1929 1117 2018 τόπον)
1140 1933 1321 2019 pannisque

191 2031 324 2097 indutus
338 2033 519 2118 tragoedias
541 2056 615 2099 suas
638 2043 809 2120 componat
831 2032 945 2120 (schol.
961 2030 1060 2106 οὕτως
1080 2029 1174 2101 αὐτὸν
1197 2032 1321 2101 ἕσκεαο·

192 2138 330 2221 ποίησεν
355 2131 391 2200 ἐν
418 2132 535 2221 ῥακίοις
559 2135 773 2220 καθεζόμενον
796 2138 847 2202 καῖ
875 2136 1032 2203 ποιοῦντα
1055 2130 1111 2210 τὰς
1132 2139 1321 2225 τραγῳδίας.

191 2239 344 2324 κωμῳδεῖ
362 2228 420 2304 οὖν
441 2237 540 2305 αὐτὸν
561 2234 604 2312 ὡς
624 2232 769 2319 πτωχοάς
790 2241 842 2305 καὶ
867 2237 1037 2313 ταπεινοὺς
1059 2238 1222 2324 εἰσάγοντα
1248 2238 1320 2312 τοὺς

192 2336 299 2428 ἥρωας
328 2378 369 2389 -
400 2341 582 2427 scripserim
610 2343 717 2428 potius
739 2338 989 2429 ε’σκενοποίησεν
1018 2341 1114 2409 αὐτὸν
1143 2340 1177 2408 ἐν
1204 2340 1321 2429 ῥακίοις

192 2441 409 2527 καθεζόμενον
428 2446 494 2510 καὶ
515 2440 561 2510 οὗ
570 2466 641 2516 τως
663 2443 820 2510 ποιοῦντα
847 2442 902 2518 τὰς
924 2447 1126 2531 τραγῳδίας),
1155 2454 1191 2509 ut
1212 2466 1320 2510 neces-

193 2545 295 2610 sarius
321 2544 454 2632 quidam
482 2568 585 2611 nexus
608 2547 746 2611 causalis
767 2546 967 2612 intercedere
993 2548 1151 2632 cogitetur
1172 2548 1254 2614 inter
1275 2548 1291 2613 f
1310 2587 1321 2597 -

192 2646 492 2714 bulammindolem
504 2658 536 2713 ct
546 2658 660 2736 poetae
671 2649 814 2714 habitum
826 2659 923 2737 atque
935 2647 1243 2736 cultum(cf.Th.164
1251 2674 1321 2739 sqq.

195 2749 350 2836 Φρύνιχος
371 2748 619 2825 adverteretis
641 2740 679 2839 ἦν
698 2753 749 2817 καῖ
765 2751 863 2825 καλῶς
882 2751 1076 2838 ἠμπίσχετο.
1097 2746 1150 2818 διὰ
1165 2746 1250 2819 τοῦτ’
1270 2748 1320 2841 ἄρ’

194 2847 291 2921 αὐτοῦ
316 2854 369 2919 καὶ
398 2849 465 2918 κάλ’
489 2844 530 2939 ἦν
558 2849 598 2919 τά
620 2853 790 2940 δράματα.
815 2849 912 2937 ὅμοια
933 2853 992 2941 γὰρ
1016 2863 1122 2921 ποιεῖν
1143 2853 1258 2942 ἀνάγκη
1281 2857 1322 2945 τῇ

193 2954 312 3041 φύσει.
336 2949 400 3022 168
420 2978 491 3044 sqq.
514 2954 577 3023 148
598 2963 694 3044 sqq.).
738 2957 851 3043 Itaque
871 2956 972 3022 verba
992 2953 1028 3022 ἐκ
1049 2958 1222 3044 τραγῳδίας
1244 2960 1320 3023 ferri

194 3058 285 3124 nullo
316 3057 412 3123 modo
441 3080 541 3144 ‚posse
569 3069 675 3146 patet,
709 3061 826 3146 quippe
859 3059 974 3146 quibus
1008 3060 1089 3124 ratio
1124 3082 1207 3146 quae
1237 3061 1320 3126 inter

194 3183 324 3227 causam
349 3169 381 3225 et
407 3160 555 3225 effectum
577 3161 763 3245 intercedit,
793 3184 923 3248 prorsus
952 3171 1162 3250 pervertatur.
1207 3163 1321 3228 Conci·

194 3264 275 3330 dunt
300 3265 398 3349 igitur
434 3263 638 3350 conjecturae
671 3264 825 3349 Bergkii:
859 3258 938 3350 ἀτάρ
972 3269 1004 3329 τί
1036 3262 1076 3330 τὰ
1110 3258 1192 3351 ῥάκι’
1199 3291 1211 3340 ,·
1241 3289 1262 3351 η
1292 3257 1320 3328 ’κ

116 3426 118 3435 .
194 3369 368 3453 τραγῳδίας
409 3364 489 3445 ἔχεις
517 3369 522 3452 Ι
552 3363 665 3454 ἐσθῆτ’
702 3365 842 3454 stetten
883 3367 1062 3433 Thierschii
1101 3365 1320 3456 (Aristophan.

193 3494 225 3559 p.
235 3466 332 3555 688)2
357 3462 442 3553 ἀτάρ
462 3466 538 3534 τάδε
554 3466 632 3554 ῥάκι’
647 3468 681 3536 ἐκ
695 3472 867 3558 τραγῳδίας
889 3467 983 3552 ἕχεις;
1007 3471 1145 3559 denique
1159 3471 1320 3536 Schuetzii

195 3571 385 3638 etMuelleri
398 3574 452 3660 qui
474 3571 572 3637 verba
595 3574 640 3638 ita
660 3572 891 3639 distinxerunt:
912 3565 991 3659 ἀτάρ
1012 3579 1045 3639 τί
1051 3596 1058 3658 3
1084 3584 1149 3660 („at
1168 3575 1321 3662 quidhoc

193 3675 242 3740 rei
263 3673 368 3761 est?“)
394 3671 434 3739 τὰ
456 3668 586 3761 ῥάκι’ἒκ
606 3698 654 3761 τρ.
671 3674 766 3757 ἔχεις;
792 3674 878 3755 Quid
900 3686 995 3762 poeta
1010 3678 1172 3763 scripserit
1193 3678 1319 3756 nescio;

194 3777 386 3842 sententiam
400 3786 519 3860 tamen,
541 3800 624 3864 quae
645 3779 739 3843 unice
754 3777 836 3842 haec
851 3787 914 3846 cst:
938 3787 993 3861 „at
1008 3777 1085 3865 quid
1107 3779 1168 3845 hoc
1188 3780 1233 3843 rei
1249 3777 1320 3844 est?

192 3880 311 3967 pannis
339 3878 469 3945 indutus
491 3881 691 3966 tragoediam
722 3882 885 3968 componis
895 3881 923 3944 !“
953 3881 1025 3967 (per
1053 3881 1320 3946 exclamationem

150 4046 153 4051 ,
194 3982 341 4046 mirantis
372 3984 492 4068 pariter
521 3992 617 4070 atque
645 3986 679 4049 in
706 3986 813 4070 priore
836 3986 999 4049 enuntiato
1027 3978 1189 4069 ἀναβάδην
1216 3992 1320 4057 ποιεῖς

195 4081 270 4157 ἐξὸν
296 4086 494 4171 καταβάδην·
520 4124 563 4134 -
590 4085 646 4150 ubi
676 4088 745 4151 sine
774 4108 871 4151 causa
903 4087 1031 4171 signum
1065 4087 1320 4171 interrogationis

194 4186 304 4273 posuit
315 4185 453 4273 Bergk.)
473 4186 567 4271 „inde
589 4191 686 4275 igitur
699 4189 736 4253 fit
755 4197 791 4253 ut
811 4188 974 4255 mendicos
992 4189 1116 4273 fingas“
1131 4225 1172 4237 -
1187 4190 1232 4255 ita
1253 4188 1320 4254 fere

193 4288 378 4357 iudicarim:
413 4285 493 4375 ἀτὰρ
512 4295 546 4356 τί
567 4288 649 4378 ὁρτὴ
680 4293 859 4378 τραγῳδίαν
886 4301 991 4364 ποιεῖς
1019 4290 1099 4371 ἔχων
1127 4291 1195 4379 (vel
1218 4295 1320 4359 ποιῶν

194 4387 288 4473 ἔχεις)
308 4395 315 4476 Ι
333 4388 443 4481 ἐσθῆτ’
465 4390 602 4482 ἐλεινήν·
625 4390 681 4462 οὐκ
706 4387 779 4470 ἐτός
799 4390 943 4477 πτωχοάς
961 4403 1075 4468 ποιεῖς.
1112 4395 1260 4463 Fortasse
1282 4390 1322 4466 τὰ
