3120 5152
741 380 785 450 42

199 571 400 654 σχροκερδεῖς
419 572 470 636 καλ
489 569 721 656 διειρωνόξενοι
740 572 826 659 τήνδ’
848 571 1089 661 ἀπορρίψαντες
1110 583 1166 656 (sc.
1188 574 1248 662 τὴν
1269 575 1322 642 Εἰ-

199 669 309 758 ρήνην)
339 672 474 759 αἰσχρῶς
502 673 560 739 τόν
586 672 728 756 πόλεμον
759 674 955 762 ἀνήρπασαν.
988 673 1068 744 634;
1102 672 1155 743 οἵτ’
1176 672 1220 744 ὢν
1243 675 1321 744 ἄνευ

199 773 354 860 γιγάρτων
384 778 437 842 καὶ
467 777 601 861 φιλῶν
632 774 691 849 τοὶς
723 776 856 857 ἰσχάδας
888 776 1077 864 ἔβλεπεν
1108 778 1219 864 πρὸς
1250 776 1323 851 τοὺς

199 877 353 957 λέγοντας.
387 879 508 946 Oratio.
530 876 602 946 299.
636 878 744 944 Strati.
767 877 810 946 40
840 882 894 967 (ex
917 882 1045 950 emend.
1065 881 1187 962 Bentl.)
1208 878 1270 964 ἐγὼ
1294 881 1322 946 δ’

200 971 250 1043 ἅτ’
271 976 429 1053 ἔλπίνικος
452 979 616 1066 ὀργισθεὶς
638 979 710 1068 ἔφη.
749 983 878 1048 Excidit
900 993 1006 1048 eutem
1029 977 1087 1049 ἅτε
1109 982 1204 1071 culpa
1226 983 1323 1050 libra·

199 1081 319 1145 riorum
340 1082 400 1149 Av.
423 1081 479 1151 75:
508 1071 601 1156 οὗτός
629 1078 654 1164 γ’
677 1076 738 1149 ἅτ’
761 1079 848 1166 οἶμαι
872 1083 1034 1171 πρότερον
1054 1085 1228 1171 ἅνθρωπός
1249 1075 1322 1151 ποτ’

200 1179 244 1248 ὤν
264 1221 306 1231 -
330 1186 375 1249 εἰσ
388 1186 427 1250 R.
453 1185 536 1264 (edd.
558 1185 646 1252 Junt.
669 1185 712 1257 11.
736 1186 807 1251 Gel.
828 1189 914 1254 Port.
935 1187 1040 1273 Lugd.
1067 1184 1176 1270 1624),
1200 1188 1281 1256 Ven.
1296 1188 1321 1270 y'

201 1308 262 1349 om.
286 1282 347 1370 ἅτ’,
379 1287 417 1355 Β.
443 1297 474 1352 et
497 1287 600 1355 Vatic.
625 1285 687 1373 γοὶρ
711 1281 770 1370 ἅτ’,
799 1291 839 1357 Α.
863 1289 898 1358 Ο.
923 1289 996 1357 edd.
1016 1290 1091 1359 Ald.
1114 1290 1155 1359 al.
1176 1289 1236 1375 γὰρ
1259 1313 1322 1361 om.

200 1380 259 1455 ἅτ’.
289 1426 332 1436 -
364 1391 513 1476 Denique
534 1390 574 1454 de
597 1390 724 1477 dactylo
747 1393 830 1456 tertii
852 1393 944 1477 pedis
967 1391 1011 1466 εἷς
1034 1389 1134 1477 οἰγρόν
1156 1402 1230 1457 ante
1252 1413 1323 1457 cae·

198 1513 306 1556 suram
328 1491 468 1555 mediam
491 1493 531 1559 cf.
553 1491 648 1559 Ach.
672 1491 763 1559 144:
787 1491 821 1558 ἐν
842 1502 927 1560 τοῖσι
947 1499 1064 1573 τοίχοις
1086 1487 1207 1580 ἔγραφ’,
1221 1486 1322 1581 Ἀθη·

198 1601 286 1659 ναῐσι
306 1595 404 1659 καλοί.
442 1595 478 1662 Ρ.
499 1587 594 1662 833;
629 1590 671 1667 ὦς
695 1591 828 1682 ἀστέρες
857 1592 1039 1679 γιγνόμεθ’,
1073 1593 1149 1662 όταν
1171 1619 1218 1669 τις
1239 1593 1322 1662 ἀπο-

199 1695 298 1786 θόνη.
341 1696 451 1783 Neque
476 1719 553 1761 vero
583 1697 645 1760 huc
670 1699 814 1783 pertinet
837 1695 1017 1768 11.1286;
1049 1703 1104 1764 καί
1129 1720 1170 1782 με
1201 1703 1323 1771 κακίαις

198 1798 303 1866 ἔκνισε
339 1791 412 1864 κᾶθ’
437 1795 481 1864 ὅτ’
504 1796 736 1886 ἀπεδειρόμην,
759 1823 854 1888 quem
870 1823 1015 1882 versum,
1040 1809 1135 1865 oret.
1156 1810 1225 1870 tetr.
1240 1810 1321 1870 acet.

199 1901 243 1987 (v.
267 1901 385 1968 Christ.
406 1902 497 1969 Metr.
517 1924 549 1987 p.
568 1898 649 1970 431:
671 1900 770 1983 ,κατὰ
792 1909 899 1983 στίχον
920 1903 1107 1968 wiederholt
1127 1925 1193 1968 von
1217 1904 1272 1971 Ar.
1288 1905 1323 1968 in

199 2004 262 2068 den
291 2005 388 2090 Vesp.
416 2000 479 2069 428
508 2003 529 2070 f.
557 2004 624 2068 und
655 2001 839 2072 1275-82“
865 2008 1033 2092 -potius
1067 2000 1255 2085 ,1275-83
1279 2035 1322 2068 -τ-

198 2103 359 2189 84-91“)
382 2128 440 2192 pro
464 2108 567 2173 trim.
586 2105 687 2191 jamb.
707 2109 833 2194 accepit
853 2107 928 2175 Alb.
952 2107 1100 2172 Schmidt
1128 2107 1167 2172 de
1189 2130 1323 2173 caesura

198 2209 305 2273 media
324 2210 356 2273 in
381 2210 438 2274 Gr.
469 2208 550 2277 trim.
575 2209 601 2295 j.
627 2210 727 2289 (Diss.
749 2210 854 2280 Bonn.
877 2207 978 2292 1865,
1008 2211 1099 2296 cujus
1127 2212 1323 2276 mentionem

199 2311 306 2376 facere
328 2310 466 2376 debebat
486 2310 592 2379 Kock.
616 2311 656 2376 ad
678 2312 738 2376 Av.
764 2308 857 2389 1543)
879 2336 911 2398 p.
932 2308 992 2395 35,
1020 2334 1083 2398 quo
1113 2313 1193 2377 miro
1214 2334 1323 2378 errore

200 2415 368 2501 inquinata
388 2423 419 2478 ct
433 2415 545 2478 vitiata
567 2425 641 2479 sunt
665 2416 761 2479 etiam
786 2437 869 2501 quae
891 2413 1068 2500 disputavit
1088 2438 1119 2500 p.
1135 2411 1176 2480 46
1198 2416 1232 2478 in
1248 2414 1322 2480 adn.
1344 2430 1348 2443 '

198 2525 229 2580 ct
240 2539 272 2602 p.
285 2514 337 2593 50,
357 2517 413 2581 ubi
436 2515 563 2580 delendi
585 2526 659 2581 sunt
680 2538 698 2580 e
719 2539 852 2582 numero
876 2515 1096 2602 exemplorum
1109 2516 1149 2581 V.
1160 2540 1211 2585 vv.
1227 2513 1321 2600 1282,

195 2615 253 2701 84,
274 2615 333 2699 86,
351 2615 410 2700 89,
430 2615 481 2685 90.
503 2656 545 2665 -

282 2720 418 2785 Duobus
440 2720 505 2784 illis
520 2722 577 2788 Ar.
592 2721 671 2786 locis
690 2722 865 2786 emendatis
881 2725 951 2808 jam
969 2720 1173 2786 nullomodo
1190 2720 1321 2807 probari

196 2833 302 2909 potest
323 2825 404 2910 conj.
426 2823 635 2887 Herwerdeni
657 2825 711 2910 qui
734 2823 841 2901 (Anal.
861 2826 927 2891 crit.
948 2824 990 2889 ad
1016 2822 1117 2891 Thuc.
1130 2823 1206 2910 Lys.
1219 2822 1320 2910 δορὴ.

196 2927 251 2994 Ar.
263 2925 421 3010 Comfrg.
436 2949 468 3012 p.
484 2923 542 3007 53)
558 2925 596 2994 E.
610 2919 652 2991 62
668 2949 737 3012 sqq.
761 2925 865 2991 ἔπειθ’
880 2923 980 2991 ὁπόθ’
997 2922 1076 3011 ἀνὴρ
1097 2925 1135 2991 εἰ
1141 2948 1155 2998 ς
1170 2922 1321 3011 ἀγορὰν

196 3027 318 3107 οἴχοιτό
334 3051 413 3111 μου,
433 3030 438 3112 l
458 3020 657 3114 ἀλειψαμένη
671 3025 709 3092 τὸ
727 3027 805 3110 σῶμ’
821 3021 894 3094 ὅλον
908 3029 949 3093 δι’
965 3025 1082 3114 ἡμέρας
1101 3031 1106 3111 t
1127 3025 1321 3115 ἐχραινόμην

196 3132 322 3197 ἑστῶσα
345 3126 428 3216 πρὸς
448 3123 506 3196 τόν
530 3123 619 3216 ἥλιον
641 3129 738 3194 scribi
765 3130 863 3216 jussit
882 3128 925 3204 ἔς
952 3131 1029 3196 τόν
1059 3124 1188 3213 ἀγρόν
1209 3129 1261 3212 (cl.
1283 3131 1321 3201 Ρ.

196 3231 310 3317 1318),
331 3236 407 3318 quia
429 3255 535 3319 neque
558 3232 705 3312 οἴχεσθαι
726 3235 803 3296 satis
824 3243 910 3298 recte
934 3233 1058 3297 dicatur
1080 3231 1121 3296 de
1142 3240 1208 3296 tom
1228 3231 1322 3298 brevi

197 3338 472 3422 distantiamque
492 3333 701 3421 probabiliter
723 3336 856 3399 maritus
876 3334 1015 3418 fingatur
1033 3357 1091 3420 per
1110 3343 1213 3399 totum
1236 3334 1322 3400 diem

197 3438 310 3504 abesse
332 3439 364 3502 in
386 3438 455 3502 foro
478 3439 522 3502 ita
545 3446 580 3502 ut
601 3437 695 3500 uxori
717 3446 902 3502 nasceretur
924 3438 1143 3523 opportunitas
1164 3439 1219 3502 τοῦ
1234 3442 1323 3522 χραί

196 3546 310 3607 νεσθαι
333 3542 390 3604 δι’
412 3538 489 3625 ἡμὲ
497 3562 582 3624 ρας.
624 3541 731 3605 Possit
753 3539 882 3625 quidem
903 3562 963 3603 usu
990 3540 1047 3606 Ar.
1071 3547 1196 3603 servato
1226 3538 1323 3605 scribi

197 3644 302 3711 ἔπειθ’
326 3641 430 3708 ὁπόθ’
461 3638 541 3729 ἀνὴρ
570 3641 631 3714 εἰς
660 3635 793 3726 ἀγρόν
819 3645 843 3723 γ’
873 3639 992 3722 οἴχοιτό
1020 3663 1100 3724 μοστ
1130 3649 1162 3705 at
1191 3642 1322 3710 omnino

195 3746 288 3812 nulla
317 3768 397 3832 opus
427 3756 475 3811 est
503 3747 691 3812 mutatione.
736 3742 847 3808 Altera
877 3744 934 3808 illa
964 3746 1049 3808 enirn
1080 3743 1212 3809 offensio
1235 3743 1321 3810 Her·

195 3849 335 3915 werdoni
363 3847 458 3913 facile
490 3849 535 3913 ita
560 3856 664 3933 potest
692 3848 849 3911 removeri
879 3855 914 3910 ut
936 3855 1092 3911 statuatur
1117 3845 1230 3910 mulier
1252 3869 1321 3912 rem

196 3953 302 4019 verbis
325 3973 421 4039 quam
448 3952 587 4015 maxime
610 3971 728 4034 augere
757 3949 806 4035 (ut
828 3947 870 4015 60
894 3972 959 4035 sq.:
992 3947 1053 4028 ἔχω
1074 3945 1129 4020 τὰς
1155 3945 1323 4031 μασχάλας

196 4055 356 4140 λόχμης
370 4055 578 4138 δασατέρας),·
595 4051 745 4131 οἴχεσθαι
756 4061 861 4117 autem
873 4052 928 4121 Ar.
945 4074 1138 4138 quamquam
1153 4051 1194 4115 de
1208 4050 1321 4136 paullo

197 4159 343 4243 longiore
355 4158 467 4222 itinere
478 4156 558 4220 dixit
569 4155 648 4224 th.
658 4152 709 4224 81.
720 4151 931 4222 V.1·271.Av.
941 4149 1034 4222 1270.
1046 4153 1096 4224 Pl.
1104 4150 1155 4233 32,
1163 4163 1271 4220 tamen
1280 4153 1322 4219 de

197 4260 369 4325 admodum
383 4258 503 4325 brevi
518 4260 671 4324 distantia
686 4258 766 4324 dixit
777 4257 844 4322 Th.
857 4253 948 4325 645:
970 4246 1063 4331 αὖθις
1075 4254 1106 4330 ἔς
1116 4252 1155 4323 τὸ
1166 4255 1322 4342 πρόσθεν

198 4362 321 4444 οἴχεται
344 4361 402 4449 (sc.
422 4359 459 4429 τὸ
481 4367 581 4447 πέος).
605 4399 646 4411 -
