3104 5466
530 1339 784 1425 Addenda
813 1350 862 1423 et
893 1338 1236 1451 Corrigenda.

682 1488 830 1576 (Numeri
852 1487 998 1553 indicant
1021 1489 1090 1574 ss.)

276 1646 292 1699 1
401 1664 433 1727 p.
455 1637 492 1708 5:
516 1634 604 1709 εἶτα
625 1649 699 1728 post
720 1649 802 1728 part.
827 1638 919 1705 vidos
943 1642 1038 1705 etiam
1063 1640 1104 1708 V.
1117 1635 1197 1720 423,
1222 1637 1366 1707 ἔπειτα
1387 1639 1453 1707 Av.

310 1737 383 1813 518.
406 1743 444 1811 Ε.
466 1738 540 1814 298.
563 1739 638 1810 467.
661 1743 710 1812 Pl.
736 1740 810 1810 271.

278 1853 295 1905 2
404 1867 437 1931 p.
457 1840 478 1910 6
500 1867 584 1932 sqq.
609 1845 705 1912 Ach.
721 1840 815 1912 412:
837 1843 937 1909 verba
958 1842 1076 1908 tradita
1097 1841 1179 1928 ἀτὰρ
1200 1848 1234 1910 τί
1253 1840 1293 1909 τὰ
1315 1837 1398 1927 ῥάκι’
1418 1839 1455 1907 ἐκ

319 1947 493 2031 τραγῳδίας
514 1943 612 2026 ἔχεις;
645 1968 683 2012 aa
713 1967 843 2033 quoque
872 1944 913 2008 de
945 1965 1045 2009 causa
1073 1946 1287 2031 suspicionem
1310 1950 1454 2017 movent,
1481 1968 1485 1975 ·

321 2045 409 2134 quod
442 2068 541 2134 quum
570 2069 665 2114 voces
688 2045 877 2132 trisyllabae
902 2067 986 2132 quae
1014 2045 1214 2111 tribrachum
1240 2053 1384 2131 aequant
1404 2042 1456 2107 ul-

320 2150 399 2214 tima
421 2147 502 2213 elisa
531 2148 718 2234 frequenter
745 2147 943 2213 collocentur
972 2148 1005 2210 in
1028 2146 1111 2211 thesi
1140 2148 1345 2233 anapaestico
1367 2143 1398 2213 1.
1422 2141 1455 2213 2.

321 2246 352 2317 4.
362 2247 454 2336 pedis
477 2249 581 2332 (velut
601 2243 695 2316 ὁπότ’
710 2246 823 2335 οὔσης,
846 2243 956 2333 πάριτ’
968 2245 1029 2327 εἰς,
1051 2243 1164 2333 πατέρ’
1179 2242 1345 2332 ἧιτεβόλει
1365 2248 1457 2317 sim:

317 2350 398 2417 Aolr.
422 2347 644 2420 19.43.147.
669 2345 763 2418 1063.
787 2346 881 2419 1177.
905 2349 966 2434 Eq.
990 2345 1042 2415 98.
1065 2345 1137 2415 152.
1159 2343 1222 2414 211
1246 2349 1322 2432 al),
1343 2357 1458 2413 tamen

322 2455 357 2517 in
378 2450 409 2520 5.
424 2452 508 2538 pede
530 2453 625 2540 hujus
645 2453 785 2518 alitionis
810 2450 936 2515 nullum
960 2457 1067 2515 exstat
1088 2449 1174 2535 apud
1187 2453 1242 2519 Ar.
1258 2451 1458 2536 exemplum,

323 2556 358 2618 in
379 2549 410 2621 3.
430 2552 514 2639 pede
535 2552 614 2618 duo
637 2563 780 2618 tantum:
810 2551 905 2619 Ach.
929 2550 1003 2618 412
1026 2560 1058 2615 et
1081 2551 1116 2619 P.
1141 2547 1218 2617 185:
1249 2555 1283 2617 τί
1305 2555 1360 2617 σοί
1379 2544 1459 2618 ποτ’

323 2645 388 2720 ἐστ’
402 2651 513 2736 ὄνομ’,
542 2650 599 2720 οὐκ
620 2651 717 2739 ἐρεῖς,
740 2690 782 2700 -
803 2651 1003 2737 μιαρώτατος
1027 2658 1113 2734 (cum
1137 2653 1397 2738 interpunctione
1422 2654 1459 2716 in

325 2754 453 2842 syllaba
474 2749 582 2846 elisa),
605 2754 663 2821 ubi
678 2754 860 2820 Bernhardi
882 2754 923 2819 de
946 2755 1037 2819 incis.
1053 2775 1149 2841 anap.
1165 2755 1277 2820 comici
1296 2755 1372 2840 (act.
1389 2776 1459 2820 soe.

324 2857 402 2944 phil.
424 2856 513 2943 Lips.
537 2856 577 2940 I.)
607 2880 640 2943 p.
662 2852 742 2936 284,
774 2879 874 2945 quum
902 2856 983 2921 Aah.
1004 2852 1068 2921 412
1096 2857 1252 2921 intactum
1280 2856 1460 2943 reliquerit,

326 2966 414 3023 recte
435 2957 588 3044 probavit
610 2958 732 3029 emend.
757 2958 859 3024 Bentl.
885 2962 920 3023 τί
936 2950 1012 3023 ποτ’
1033 2954 1101 3023 ἐστὶ
1121 2955 1267 3043 τοῦνομ’;

412 3083 444 3147 p.
467 3056 503 3130 6;
525 3055 612 3126 εἶτα
634 3083 734 3149 quum
756 3056 777 3127 3
799 3067 893 3145 partt.
915 3059 1105 3125 antecedant
1128 3058 1216 3151 apud
1237 3056 1267 3129 4.
1282 3058 1374 3125 vides
1393 3060 1459 3148 Eq.

326 3157 399 3231 263.
432 3163 510 3231 Aoo.
529 3163 714 3229 absolutum
736 3162 900 3247 προσῆκον
923 3161 1038 3245 (Krtig.
1055 3161 1081 3229 I.
1104 3156 1209 3230 569.
1232 3185 1265 3230 n.
1279 3158 1313 3246 5)
1335 3164 1462 3249 excipit

327 3259 414 3332 εἶτα
434 3263 483 3333 Pl.
505 3259 580 3332 910.

288 3386 305 3438 3
414 3388 446 3452 p.
467 3363 489 3431 8
511 3388 566 3452 sq.
602 3365 695 3433 Aah.
717 3360 809 3435 5052
832 3364 873 3435 cf.
898 3364 935 3433 P.
957 3359 1037 3431 297ε
1068 3350 1253 3447 (ripaeorum
1275 3368 1327 3433 nal
1348 3371 1462 3444 ξένοι

323 3467 652 3554 coloquentes:
675 3465 840 3553 inquilini,
863 3465 1087 3552 peregrini,
1110 3467 1221 3530 socii.

291 3583 308 3636 6
415 3592 448 3656 p.
464 3567 521 3638 11.
554 3569 622 3656 Eq.
641 3564 716 3635 667
738 3590 825 3654 sqq:
847 3569 1016 3633 transitum
1039 3570 1095 3654 qui
1117 3567 1153 3632 fit
1169 3590 1210 3632 ex
1231 3571 1375 3635 oratione
1394 3573 1462 3642 obl.

332 3674 366 3736 in
396 3693 440 3739 or.
463 3679 585 3736 rectam
614 3670 768 3735 indicavit
789 3673 846 3740 Ar.
870 3669 989 3735 additis
1010 3669 1117 3734 verbis
1140 3656 1209 3755 ἧδ’
1234 3663 1252 3735 δ’
1259 3692 1274 3742 ς
1296 3672 1396 3753 γελῶν
1420 3673 1460 3738 V.

331 3771 412 3856 795,
446 3795 606 3861 nusquam
635 3782 743 3838 tamen
772 3771 910 3858 simplici
939 3780 1018 3856 part.
1051 3771 1189 3853 λέγων,
1220 3771 1307 3858 quod
1335 3773 1460 3860 Bergk.

330 3877 439 3946 Kock.
461 3875 560 3942 Mein.
581 3874 776 3960 scripserunt
796 3874 857 3960 leq.
878 3869 949 3941 669.

291 3983 307 4037 7
417 4000 451 4064 p.
474 3973 535 4045 12;
569 3975 609 4040 de
636 3975 802 4061 particulis
830 3971 904 4061 ἄρα
926 3983 957 4038 et
980 3964 1051 4061 ἆρα
1072 3975 1253 4061 promiscue
1281 3977 1395 4060 positis
1419 3978 1459 4045 cf.

333 4082 429 4146 etiam
451 4079 490 4148 Ε.
510 4073 573 4146 458
597 4098 667 4163 sqq.
697 4077 768 4160 (ubi
797 4077 858 4143 sibi
879 4077 1078 4164 respondent
1098 4072 1161 4143 458
1183 4072 1246 4162 ἄρα
1253 4124 1261 4159 ,
1293 4072 1358 4143 460
1387 4073 1459 4165 ἄρα,

332 4178 396 4250 462
419 4173 504 4267 ἄρα).
533 4179 573 4249 V.
595 4175 669 4250 839.
694 4175 787 4248 1091.
810 4179 846 4248 P.
866 4174 940 4247 892.
963 4175 1047 4245 1240
1069 4178 1114 4264 (v.
1136 4178 1243 4247 Richt.
1264 4176 1339 4248 adn.
1365 4181 1461 4265 crit).

332 4284 394 4354 Ar.
417 4279 510 4352 1530.
533 4282 637 4351 Dobr.
659 4281 701 4346 ad
721 4280 761 4351 V.
784 4276 847 4348 217
869 4280 967 4366 (adv.
990 4279 1032 4348 II.
1054 4302 1086 4365 p.
1109 4277 1195 4365 196).
